Description,Price,Rating,Review Count,URL,Date
"RAYZOR Ski Goggles Snowboard Goggles For Men & Women – OTG Ski Mask with UV400 Protection – Anti-Fog and Shatterproof Skiing Goggles, Anti-Glare Protective Goggles for Men Women Boys & Girls","
                      £21.95
                     ","
                        4.5 out of 5 stars
                       ","
                      869
                     ",https://www.amazon.com/sspa/click?ie=UTF8&spc=MTo3ODAxMjgwNjY5Njk1NjU4OjE2NjU1NjQ2MTk6c3BfYXRmOjIwMDE2NTI2MzAyMzk4OjowOjo&sp_csd=d2lkZ2V0TmFtZT1zcF9hdGY&url=%2FRayzor-Protection-Comfortable-Shatterproof-Snowmobiles%2Fdp%2FB002MQ6LTY%2Fref%3Dsr_1_1_sspa%3Fcrid%3D2CAHDTR5AV0UH%26keywords%3DskII%26qid%3D1665564619%26qu%3DeyJxc2MiOiIzLjYxIiwicXNhIjoiMi45NiIsInFzcCI6IjIuODAifQ%253D%253D%26sprefix%3Dskii%252Caps%252C408%26sr%3D8-1-spons%26psc%3D1,2022-10-12
Handle Double Shoulder Strap Easily 2Pcs Activities Fixing Fixing Belt Skis Strap Power Training Convenient for Family Skiing Activities,"
                      £10.49
                     ",,,https://www.amazon.com/sspa/click?ie=UTF8&spc=MTo3ODAxMjgwNjY5Njk1NjU4OjE2NjU1NjQ2MTk6c3BfYXRmOjIwMDcxMjg1MDcwMjk4OjowOjo&sp_csd=d2lkZ2V0TmFtZT1zcF9hdGY&url=%2FHandle-Shoulder-Activities-Training-Convenient%2Fdp%2FB09285W6B1%2Fref%3Dsr_1_2_sspa%3Fcrid%3D2CAHDTR5AV0UH%26keywords%3DskII%26qid%3D1665564619%26qu%3DeyJxc2MiOiIzLjYxIiwicXNhIjoiMi45NiIsInFzcCI6IjIuODAifQ%253D%253D%26sprefix%3Dskii%252Caps%252C408%26sr%3D8-2-spons%26psc%3D1,2022-10-12
IMIKEYA 6pcs Ski Straps Adjustable Ski Wraps Ties Ski Board Carrier Fastener Tape Colorful Tape Strap Band for Outdoor Skiing,"
                      £13.29
                     ",,,https://www.amazon.com/sspa/click?ie=UTF8&spc=MTo3ODAxMjgwNjY5Njk1NjU4OjE2NjU1NjQ2MTk6c3BfYXRmOjIwMDU5ODYxMzgwNjAxOjowOjo&sp_csd=d2lkZ2V0TmFtZT1zcF9hdGY&url=%2FIMIKEYA-Adjustable-Carrier-Fastener-Colorful%2Fdp%2FB08YQRQ6B7%2Fref%3Dsr_1_3_sspa%3Fcrid%3D2CAHDTR5AV0UH%26keywords%3DskII%26qid%3D1665564619%26qu%3DeyJxc2MiOiIzLjYxIiwicXNhIjoiMi45NiIsInFzcCI6IjIuODAifQ%253D%253D%26sprefix%3Dskii%252Caps%252C408%26sr%3D8-3-spons%26psc%3D1,2022-10-12
"Pinsofy Ski Shoulder Carrier, Power Training Portable Ski and Pole Carrier Strap, Adjustable 43.3in Skiing Skiers Pole for Fixing Ski","
                      £10.18
                     ",,,https://www.amazon.com/sspa/click?ie=UTF8&spc=MTo3ODAxMjgwNjY5Njk1NjU4OjE2NjU1NjQ2MTk6c3BfYXRmOjIwMDQ2NTYyNDczMjAyOjowOjo&sp_csd=d2lkZ2V0TmFtZT1zcF9hdGY&url=%2FPinsofy-Shoulder-Training-Portable-Adjustable%2Fdp%2FB08P93CBQV%2Fref%3Dsr_1_4_sspa%3Fcrid%3D2CAHDTR5AV0UH%26keywords%3DskII%26qid%3D1665564619%26qu%3DeyJxc2MiOiIzLjYxIiwicXNhIjoiMi45NiIsInFzcCI6IjIuODAifQ%253D%253D%26sprefix%3Dskii%252Caps%252C408%26sr%3D8-4-spons%26psc%3D1,2022-10-12
SK-II Facial Treatment Essence Pitera 7.7oz,"
                    £212.00
                   ","
                      4.4 out of 5 stars
                     ","
                    237
                   ",https://www.amazon.com/SK-II-Facial-Treatment-Essence-Pitera/dp/B01M599DYT/ref=sr_1_5?crid=2CAHDTR5AV0UH&keywords=skII&qid=1665564619&qu=eyJxc2MiOiIzLjYxIiwicXNhIjoiMi45NiIsInFzcCI6IjIuODAifQ%3D%3D&sprefix=skii%2Caps%2C408&sr=8-5,2022-10-12
SK-II GENOPTICS Aura Essence 50ml 2016,"
                    £174.95
                   ","
                      4.1 out of 5 stars
                     ","
                    76
                   ",https://www.amazon.com/SK-II-GENOPTICS-AURA-ESSENCE-50ml/dp/B01BF1SC6Q/ref=sr_1_6?crid=2CAHDTR5AV0UH&keywords=skII&qid=1665564619&qu=eyJxc2MiOiIzLjYxIiwicXNhIjoiMi45NiIsInFzcCI6IjIuODAifQ%3D%3D&sprefix=skii%2Caps%2C408&sr=8-6,2022-10-12
SK-II Facial Treatment Gentle Cleanser - 120ml,"
                    £77.00
                   ","
                      4.1 out of 5 stars
                     ","
                    66
                   ",https://www.amazon.com/SK-II-Cleanser-Facial-Treatment/dp/B00ANEU7HY/ref=sr_1_7?crid=2CAHDTR5AV0UH&keywords=skII&qid=1665564619&qu=eyJxc2MiOiIzLjYxIiwicXNhIjoiMi45NiIsInFzcCI6IjIuODAifQ%3D%3D&sprefix=skii%2Caps%2C408&sr=8-7,2022-10-12
SK-II - Facial Treatment Clear Lotion (230ml),"
                    £83.95
                   ","
                      4.4 out of 5 stars
                     ","
                    189
                   ",https://www.amazon.com/SK-II-Facial-Treatment-Clear-Lotion/dp/B06ZZYQXJG/ref=sr_1_8?crid=2CAHDTR5AV0UH&keywords=skII&qid=1665564619&qu=eyJxc2MiOiIzLjYxIiwicXNhIjoiMi45NiIsInFzcCI6IjIuODAifQ%3D%3D&sprefix=skii%2Caps%2C408&sr=8-8,2022-10-12
Facial Treatment Mask SKII 10 Pcs Treatment For Unisex,"
                    £116.68
                   ","
                      4.4 out of 5 stars
                     ","
                    203
                   ",https://www.amazon.com/Facial-Treatment-Mask-SKII-Unisex/dp/B00JDVP18S/ref=sr_1_9?crid=2CAHDTR5AV0UH&keywords=skII&qid=1665564619&qu=eyJxc2MiOiIzLjYxIiwicXNhIjoiMi45NiIsInFzcCI6IjIuODAifQ%3D%3D&sprefix=skii%2Caps%2C408&sr=8-9,2022-10-12
SK II Facial Treatment Essence 230ml,"
                    £177.21
                   ","
                      4.3 out of 5 stars
                     ","
                    526
                   ",https://www.amazon.com/SK-Facial-Treatment-Essence-230ml/dp/B01296JRMO/ref=sr_1_10?crid=2CAHDTR5AV0UH&keywords=skII&qid=1665564619&qu=eyJxc2MiOiIzLjYxIiwicXNhIjoiMi45NiIsInFzcCI6IjIuODAifQ%3D%3D&sprefix=skii%2Caps%2C408&sr=8-10,2022-10-12
SK-II R.N.A Power Radical New Age Eye Cream 0.5oz,"
                    £99.98
                   ","
                      4.0 out of 5 stars
                     ","
                    121
                   ",https://www.amazon.com/SK-II-Power-Radical-Cream-0-5oz/dp/B0716JS4KX/ref=sr_1_11?crid=2CAHDTR5AV0UH&keywords=skII&qid=1665564619&qu=eyJxc2MiOiIzLjYxIiwicXNhIjoiMi45NiIsInFzcCI6IjIuODAifQ%3D%3D&sprefix=skii%2Caps%2C408&sr=8-11,2022-10-12
DREAM PAIRS Womens Outdoor Snow Boots Ladies Winter Boot Waterproof Lightweight Warm Fashion Shoes,"
                    £34.99
                   ","
                      5.0 out of 5 stars
                     ","
                    1
                   ",https://www.amazon.com/DREAM-PAIRS-Waterproof-Lightweight-SDSB2213W/dp/B09ZLGYNR7/ref=sr_1_12?crid=2CAHDTR5AV0UH&keywords=skII&qid=1665564619&qu=eyJxc2MiOiIzLjYxIiwicXNhIjoiMi45NiIsInFzcCI6IjIuODAifQ%3D%3D&sprefix=skii%2Caps%2C408&sr=8-12,2022-10-12
"Morrisons Chocolate Mousse 6 Pots, 360 g","
                    £1.25
                   ","
                      4.4 out of 5 stars
                     ","
                    702
                   ",https://www.amazon.com/Morrisons-Chocolate-Mousse-60g-pots/dp/B01AWH2NJ6/ref=sr_1_13_f3_0o_morri?crid=2CAHDTR5AV0UH&keywords=skII&qid=1665564619&qu=eyJxc2MiOiIzLjYxIiwicXNhIjoiMi45NiIsInFzcCI6IjIuODAifQ%3D%3D&sprefix=skii%2Caps%2C408&sr=8-13,2022-10-12
"Paula's Choice Skin Perfecting 2% BHA Liquid Exfoliant - Face Exfoliating Peel Fights Blackheads, Breakouts & Enlarged Pores - with Salicylic Acid - Combination, Oily & Acne Prone Skin - 118 ml","
                    £33.00
                   ","
                      4.5 out of 5 stars
                     ","
                    13,124
                   ",https://www.amazon.com/Paulas-Choice-Perfecting-Liquid-Exfoliant/dp/B07PCSNFLP/ref=sr_1_14?crid=2CAHDTR5AV0UH&keywords=skII&qid=1665564619&qu=eyJxc2MiOiIzLjYxIiwicXNhIjoiMi45NiIsInFzcCI6IjIuODAifQ%3D%3D&sprefix=skii%2Caps%2C408&sr=8-14,2022-10-12
MEDIHEAL Official [Korea's No 1 Sheet Mask] - Collagen Essential Lifting & Firming Mask (5 Masks),"
                    £11.05
                   ","
                      4.6 out of 5 stars
                     ","
                    1,392
                   ",https://www.amazon.com/MEDIHEAL-Official-Koreas-Sheet-Mask/dp/B07T32XPCW/ref=sr_1_15?crid=2CAHDTR5AV0UH&keywords=skII&qid=1665564619&qu=eyJxc2MiOiIzLjYxIiwicXNhIjoiMi45NiIsInFzcCI6IjIuODAifQ%3D%3D&sprefix=skii%2Caps%2C408&sr=8-15,2022-10-12
"OutdoorMaster Ski Goggles PRO - Frameless, Interchangeable Lens 100% UV400 Protection Snow Goggles for Men & Women","
                    £37.99
                   ","
                      4.6 out of 5 stars
                     ","
                    7,834
                   ",https://www.amazon.com/OutdoorMaster-Ski-Goggles-PRO-Interchangeable/dp/B014XKTFI0/ref=sr_1_16?crid=2CAHDTR5AV0UH&keywords=skII&qid=1665564619&qu=eyJxc2MiOiIzLjYxIiwicXNhIjoiMi45NiIsInFzcCI6IjIuODAifQ%3D%3D&sprefix=skii%2Caps%2C408&sr=8-16,2022-10-12
Retinol Moisturizer for Face (120ml) – Anti Ageing Face Cream Reduces Scars Ance and Wrinkles with Hyaluronic Acid and Vitamin E,"
                    £18.88
                   ","
                      4.2 out of 5 stars
                     ","
                    7,345
                   ",https://www.amazon.com/2-5-Retinol-Moisturizer-Face-120ml/dp/B017XZVYMC/ref=sr_1_17?crid=2CAHDTR5AV0UH&keywords=skII&qid=1665564619&qu=eyJxc2MiOiIzLjYxIiwicXNhIjoiMi45NiIsInFzcCI6IjIuODAifQ%3D%3D&sprefix=skii%2Caps%2C408&sr=8-17,2022-10-12
Skinfood Facial Mask Rice Wash Off - 3.52 Oz,"
                    £13.00
                   ","
                      4.4 out of 5 stars
                     ","
                    127
                   ",https://www.amazon.com/Skin-food-Rice-Mask-Ounce/dp/B004FKNYWW/ref=sr_1_18?crid=2CAHDTR5AV0UH&keywords=skII&qid=1665564619&qu=eyJxc2MiOiIzLjYxIiwicXNhIjoiMi45NiIsInFzcCI6IjIuODAifQ%3D%3D&sprefix=skii%2Caps%2C408&sr=8-18,2022-10-12
Balaclava Ski Mask for Men Women Face Mask for Cold Weather Winter Windproof Outdoors in Winter Neck Warmer Multifunctional Sports Cold Weather Gear,"
                    £12.88
                   ","
                      4.1 out of 5 stars
                     ","
                    1,748
                   ",https://www.amazon.com/Balaclava-Windproof-Motorcycle-Multifunctional-Snowboard/dp/B0756RNPR8/ref=sr_1_19?crid=2CAHDTR5AV0UH&keywords=skII&qid=1665564619&qu=eyJxc2MiOiIzLjYxIiwicXNhIjoiMi45NiIsInFzcCI6IjIuODAifQ%3D%3D&sprefix=skii%2Caps%2C408&sr=8-19,2022-10-12
"SLOPE WARRIOR Cosmic Rider Merino Wool Alpine Performance Socks, for Men, Women, Shin Padding, Fast Drying, Warm, Knee High Thermal Socks for Ski, Snowboarding and Mountaineering","
                    £18.60
                   ","
                      4.1 out of 5 stars
                     ","
                    4
                   ",https://www.amazon.com/SLOPE-WARRIOR-Cosmic-Rider-High-Performance/dp/B07SX7RL28/ref=sr_1_20?crid=2CAHDTR5AV0UH&keywords=skII&qid=1665564619&qu=eyJxc2MiOiIzLjYxIiwicXNhIjoiMi45NiIsInFzcCI6IjIuODAifQ%3D%3D&sprefix=skii%2Caps%2C408&sr=8-20,2022-10-12
NORTIV 8 Men's 170410 Insulated Waterproof Construction Hiking Winter Snow Boots,"
                    £46.99
                   ","
                      4.4 out of 5 stars
                     ","
                    4,198
                   ",https://www.amazon.com/NORTIV-170410-Waterproof-Winter-Boots/dp/B07FS7B753/ref=sr_1_21?crid=2CAHDTR5AV0UH&keywords=skII&qid=1665564619&qu=eyJxc2MiOiIzLjYxIiwicXNhIjoiMi45NiIsInFzcCI6IjIuODAifQ%3D%3D&sprefix=skii%2Caps%2C408&sr=8-21,2022-10-12
"Snowledge Ski Snowboard Goggles with UV400 Protection, Skiing Snowboarding Goggles of Dual Lens with Anti Fog for Men, Women,Helmet Compatible","
                    £27.99
                   ","
                      4.5 out of 5 stars
                     ","
                    782
                   ",https://www.amazon.com/Snowledge-Snowboard-Goggles-Protection-Compatible/dp/B07GQN2PJ4/ref=sr_1_22?crid=2CAHDTR5AV0UH&keywords=skII&qid=1665564619&qu=eyJxc2MiOiIzLjYxIiwicXNhIjoiMi45NiIsInFzcCI6IjIuODAifQ%3D%3D&sprefix=skii%2Caps%2C408&sr=8-22,2022-10-12
"Merino Wool Ski Socks, Cold Weather Knee-High Thermal Socks for Winter, Snow, Snowboarding, Hiking","
                    £22.31
                   ","
                      4.7 out of 5 stars
                     ","
                    122
                   ",https://www.amazon.com/Merino-Weather-Knee-High-Thermal-Snowboarding/dp/B09M3HCSGS/ref=sr_1_23?crid=2CAHDTR5AV0UH&keywords=skII&qid=1665564619&qu=eyJxc2MiOiIzLjYxIiwicXNhIjoiMi45NiIsInFzcCI6IjIuODAifQ%3D%3D&sprefix=skii%2Caps%2C408&sr=8-23,2022-10-12
OutdoorMaster Ski Goggles PRO Replacement Lens,"
                    £27.99
                   ","
                      4.6 out of 5 stars
                     ","
                    2,372
                   ",https://www.amazon.com/OutdoorMaster-Ski-Goggles-Replacement-Lens/dp/B074JY1NHC/ref=sr_1_24?crid=2CAHDTR5AV0UH&keywords=skII&qid=1665564619&qu=eyJxc2MiOiIzLjYxIiwicXNhIjoiMi45NiIsInFzcCI6IjIuODAifQ%3D%3D&sprefix=skii%2Caps%2C408&sr=8-24,2022-10-12
"Merino Wool Socks High Performance Compression Ski Socks Mens and Women Thermal Knee High Socks, 2 Pairs","
                    £25.99
                   ","
                      4.4 out of 5 stars
                     ","
                    39
                   ",https://www.amazon.com/Merino-Performance-Compression-Socks-Thermal/dp/B09MD5RHY3/ref=sr_1_25?crid=2CAHDTR5AV0UH&keywords=skII&qid=1665564619&qu=eyJxc2MiOiIzLjYxIiwicXNhIjoiMi45NiIsInFzcCI6IjIuODAifQ%3D%3D&sprefix=skii%2Caps%2C408&sr=8-25,2022-10-12
DREAM PAIRS Women’s Waterproof Wellington Duck Rain Boots Outdoor Ankle Low Heel Snow Boots Ladies Originals Lace-up Winter Boots,"
                    £29.99
                   ","
                      5.0 out of 5 stars
                     ","
                    1
                   ",https://www.amazon.com/DREAM-PAIRS-Originals-Waterproof-SDSB2211W-1/dp/B09ZLGFH4D/ref=sr_1_26?crid=2CAHDTR5AV0UH&keywords=skII&qid=1665564619&qu=eyJxc2MiOiIzLjYxIiwicXNhIjoiMi45NiIsInFzcCI6IjIuODAifQ%3D%3D&sprefix=skii%2Caps%2C408&sr=8-26,2022-10-12
"RAYZOR Ski Goggles Snowboard Goggles For Men & Women – OTG Ski Mask with UV400 Protection – Anti-Fog and Shatterproof Skiing Goggles, Anti-Glare Protective Goggles for Men Women Boys & Girls","
                    £21.95
                   ","
                      4.5 out of 5 stars
                     ","
                    869
                   ",https://www.amazon.com/Rayzor-Protection-Comfortable-Shatterproof-Snowmobiles/dp/B002MQ6LTY/ref=sr_1_27?crid=2CAHDTR5AV0UH&keywords=skII&qid=1665564619&qu=eyJxc2MiOiIzLjYxIiwicXNhIjoiMi45NiIsInFzcCI6IjIuODAifQ%3D%3D&sprefix=skii%2Caps%2C408&sr=8-27,2022-10-12
5 Pairs Mens High Performance Thermal Ski Socks - Multicoloured - Mens UK Size 6-11 (EU 39-45),"
                    £11.95
                   ","
                      4.3 out of 5 stars
                     ","
                    363
                   ",https://www.amazon.com/SX167-6-11-Mens-Socks-Pack-6-11/dp/B08M3QKF95/ref=sr_1_28?crid=2CAHDTR5AV0UH&keywords=skII&qid=1665564619&qu=eyJxc2MiOiIzLjYxIiwicXNhIjoiMi45NiIsInFzcCI6IjIuODAifQ%3D%3D&sprefix=skii%2Caps%2C408&sr=8-28,2022-10-12
"SPOSUNE OTG Ski Goggles - Over Glasses Snow Snowboard Goggle with Anti fog Dual lens for Men Women Youth Kids Skiing Skating Snowmobile, Windproof UV400 Protection Winter Sports Protective Glasses","
                    £25.99
                   ","
                      4.6 out of 5 stars
                     ","
                    705
                   ",https://www.amazon.com/SPOSUNE-Protection-Spherical-Snowboard-Compatible/dp/B07WP2LSLR/ref=sr_1_29?crid=2CAHDTR5AV0UH&keywords=skII&qid=1665564619&qu=eyJxc2MiOiIzLjYxIiwicXNhIjoiMi45NiIsInFzcCI6IjIuODAifQ%3D%3D&sprefix=skii%2Caps%2C408&sr=8-29,2022-10-12
SAITAG Balaclava Ski Mask Warm Face Mask for Cold Weather Winter Skiing Snowboarding Motorcycling Ice Fishing Men,"
                    £17.59
                   ","
                      4.6 out of 5 stars
                     ","
                    364
                   ",https://www.amazon.com/SAITAG-Balaclava-Weather-Snowboarding-Motorcycling/dp/B09D2VX1F6/ref=sr_1_30?crid=2CAHDTR5AV0UH&keywords=skII&qid=1665564619&qu=eyJxc2MiOiIzLjYxIiwicXNhIjoiMi45NiIsInFzcCI6IjIuODAifQ%3D%3D&sprefix=skii%2Caps%2C408&sr=8-30,2022-10-12
"2 Pairs Men's Wool Socks, 80% Merino, Hiking Walking Thermal Athletic Socks for Winter Outdoor Recreation Trekking Climbing(UK M-L)","
                    £11.99
                   ","
                      4.4 out of 5 stars
                     ","
                    513
                   ",https://www.amazon.com/Walking-Athletic-Recreation-Trekking-Climbing/dp/B07XGK6VDJ/ref=sr_1_31?crid=2CAHDTR5AV0UH&keywords=skII&qid=1665564619&qu=eyJxc2MiOiIzLjYxIiwicXNhIjoiMi45NiIsInFzcCI6IjIuODAifQ%3D%3D&sprefix=skii%2Caps%2C408&sr=8-31,2022-10-12
"Mountain Warehouse Kids Ski Jacket & Trousers Set - Snowproof Ski Outfit, Front Pockets, Fleece Lined Skiwear, Integrated Snowskirt - Best for Winter Snowboarding","
                    £59.99
                   ","
                      4.6 out of 5 stars
                     ","
                    1,423
                   ",https://www.amazon.com/Mountain-Warehouse-Kids-Jacket-Trousers/dp/B08SKQJ5R6/ref=sr_1_32?crid=2CAHDTR5AV0UH&keywords=skII&qid=1665564619&qu=eyJxc2MiOiIzLjYxIiwicXNhIjoiMi45NiIsInFzcCI6IjIuODAifQ%3D%3D&sprefix=skii%2Caps%2C408&sr=8-32,2022-10-12
"DANISH ENDURANCE Merino Wool Performance Ski Socks, Shin Padding, for Men, Women, Kids, 1 Pack","
                      £26.95
                     ","
                        4.4 out of 5 stars
                       ","
                      3,455
                     ",https://www.amazon.com/sspa/click?ie=UTF8&spc=MTo3ODAxMjgwNjY5Njk1NjU4OjE2NjU1NjQ2MTk6c3BfbXRmOjIwMDcwNDgxMjAzMTA4OjowOjo&sp_csd=d2lkZ2V0TmFtZT1zcF9tdGY&url=%2FDANISH-ENDURANCE-Alpine-Performance-Yellow%2Fdp%2FB07G4BYKTC%2Fref%3Dsr_1_33_sspa%3Fcrid%3D2CAHDTR5AV0UH%26keywords%3DskII%26qid%3D1665564619%26qu%3DeyJxc2MiOiIzLjYxIiwicXNhIjoiMi45NiIsInFzcCI6IjIuODAifQ%253D%253D%26sprefix%3Dskii%252Caps%252C408%26sr%3D8-33-spons%26psc%3D1,2022-10-12
AKSIUM ACCESS,"
                      £38.96
                     ","
                        4.5 out of 5 stars
                       ","
                      656
                     ",https://www.amazon.com/sspa/click?ie=UTF8&spc=MTo3ODAxMjgwNjY5Njk1NjU4OjE2NjU1NjQ2MTk6c3BfbXRmOjIwMDgxNTY2OTkzNTk4OjowOjo&sp_csd=d2lkZ2V0TmFtZT1zcF9tdGY&url=%2FSalomon-Aksium-Goggles-Universal-L40846100%2Fdp%2FB07WKN59J7%2Fref%3Dsr_1_34_sspa%3Fcrid%3D2CAHDTR5AV0UH%26keywords%3DskII%26qid%3D1665564619%26qu%3DeyJxc2MiOiIzLjYxIiwicXNhIjoiMi45NiIsInFzcCI6IjIuODAifQ%253D%253D%26sprefix%3Dskii%252Caps%252C408%26sr%3D8-34-spons%26psc%3D1,2022-10-12
"JVR Blackhead Remover Mask for Men, Bamboo Charcoal Peel Off Black Mask, Purifying & Deep Cleansing for All Skin Types 120g","
                      £9.99
                     ","
                        4.0 out of 5 stars
                       ","
                      504
                     ",https://www.amazon.com/sspa/click?ie=UTF8&spc=MTo3ODAxMjgwNjY5Njk1NjU4OjE2NjU1NjQ2MTk6c3BfbXRmOjIwMDc2NTczMzAyMzk4OjowOjo&sp_csd=d2lkZ2V0TmFtZT1zcF9tdGY&url=%2FJVR-Blackhead-Charcoal-Purifying-Cleansing%2Fdp%2FB087JBPNT5%2Fref%3Dsr_1_35_sspa%3Fcrid%3D2CAHDTR5AV0UH%26keywords%3DskII%26qid%3D1665564619%26qu%3DeyJxc2MiOiIzLjYxIiwicXNhIjoiMi45NiIsInFzcCI6IjIuODAifQ%253D%253D%26sprefix%3Dskii%252Caps%252C408%26sr%3D8-35-spons%26psc%3D1,2022-10-12
REN Clean Skincare Supersize Overnight Recovery Balm 50ml,"
                      £49.00
                     ",,"
                     (£98.00/100 ml)
                    ",https://www.amazon.com/sspa/click?ie=UTF8&spc=MTo3ODAxMjgwNjY5Njk1NjU4OjE2NjU1NjQ2MTk6c3BfbXRmOjIwMDY4Mjg2NjY1ODk4OjowOjo&sp_csd=d2lkZ2V0TmFtZT1zcF9tdGY&url=%2FREN-Clean-Skincare-Supersize-Overnight%2Fdp%2FB09NQFPQ4N%2Fref%3Dsr_1_36_sspa%3Fcrid%3D2CAHDTR5AV0UH%26keywords%3DskII%26qid%3D1665564619%26qu%3DeyJxc2MiOiIzLjYxIiwicXNhIjoiMi45NiIsInFzcCI6IjIuODAifQ%253D%253D%26smid%3DA3P5ROKL5A1OLE%26sprefix%3Dskii%252Caps%252C408%26sr%3D8-36-spons%26psc%3D1,2022-10-12
Blulu Ski Mask Winter Balaclava Ski Mask Warm Full Face Ski Mask Thermal Men Ski Mask 3 Hole Knit Face Mask for Outdoor Sports,"
                    £7.59
                   ","
                      3.9 out of 5 stars
                     ","
                    92
                   ",https://www.amazon.com/Winter-Balaclava-Thermal-3-Hole-Outdoor/dp/B09J16SXYJ/ref=sr_1_37?crid=2CAHDTR5AV0UH&keywords=skII&qid=1665564619&qu=eyJxc2MiOiIzLjYxIiwicXNhIjoiMi45NiIsInFzcCI6IjIuODAifQ%3D%3D&sprefix=skii%2Caps%2C408&sr=8-37,2022-10-12
"coskefy Thermal Gloves, -20℉ Coldproof Touchscreen Ski Gloves Waterproof Winter Gloves 3M Thinsulate Snow Gloves for Walking Snowboarding Hiking Outdoor","
                    £11.04
                   ","
                      4.5 out of 5 stars
                     ","
                    1,967
                   ",https://www.amazon.com/coskefy-Thermal-Thinsulate-Touchscreen-Snowboarding/dp/B07HGQMK4H/ref=sr_1_38?crid=2CAHDTR5AV0UH&keywords=skII&qid=1665564619&qu=eyJxc2MiOiIzLjYxIiwicXNhIjoiMi45NiIsInFzcCI6IjIuODAifQ%3D%3D&smid=A3PNIR7C4EEUQS&sprefix=skii%2Caps%2C408&sr=8-38,2022-10-12
BODY ARMOUR CE MOTORBIKE/MOTORCYCLE/MOTOCROSS SKIING SKATING SNOW BOARD IMPACT PADDED SPINE GUARD PROTECTIVE SUIT (M),"
                    £49.99
                   ","
                      3.5 out of 5 stars
                     ","
                    8
                   ",https://www.amazon.com/ARMOUR-MOTORBIKE-MOTORCYCLE-MOTOCROSS-PROTECTIVE/dp/B07DCFMPB3/ref=sr_1_39?crid=2CAHDTR5AV0UH&keywords=skII&qid=1665564619&qu=eyJxc2MiOiIzLjYxIiwicXNhIjoiMi45NiIsInFzcCI6IjIuODAifQ%3D%3D&sprefix=skii%2Caps%2C408&sr=8-39,2022-10-12
4 Pairs of Mens High Performance Thermal Ski Socks-Assorted-UK 6 - 11 ( Eur 39 - 45 ),"
                    £12.95
                   ","
                      4.5 out of 5 stars
                     ","
                    4,028
                   ",https://www.amazon.com/Pairs-Mens-Performance-Thermal-Socks-Assorted-UK/dp/B01N59WFGI/ref=sr_1_40?crid=2CAHDTR5AV0UH&keywords=skII&qid=1665564619&qu=eyJxc2MiOiIzLjYxIiwicXNhIjoiMi45NiIsInFzcCI6IjIuODAifQ%3D%3D&sprefix=skii%2Caps%2C408&sr=8-40,2022-10-12
Sakkas Booker Cashmere Feel Solid Colored Unisex Winter Scarf With Fringe,"
                    £12.99
                   ","
                      4.4 out of 5 stars
                     ","
                    443
                   ",https://www.amazon.com/Sakkas-1590-Booker-Cashmere-Colored/dp/B07CP2KVM9/ref=sr_1_42?crid=2CAHDTR5AV0UH&keywords=skII&qid=1665564619&qu=eyJxc2MiOiIzLjYxIiwicXNhIjoiMi45NiIsInFzcCI6IjIuODAifQ%3D%3D&sprefix=skii%2Caps%2C408&sr=8-42,2022-10-12
"L'Oréal Paris Perfect Golden Age Re-Activating Essence, 125ml","
                    £16.99
                   ","
                      4.5 out of 5 stars
                     ","
                    631
                   ",https://www.amazon.com/LOr%C3%A9al-Perfect-Golden-Re-Activating-Essence/dp/B01AIPJ4A8/ref=sr_1_43?crid=2CAHDTR5AV0UH&keywords=skII&qid=1665564619&qu=eyJxc2MiOiIzLjYxIiwicXNhIjoiMi45NiIsInFzcCI6IjIuODAifQ%3D%3D&sprefix=skii%2Caps%2C408&sr=8-43,2022-10-12
donhobo Men's Fleece Jacket Winter Waterproof Warm Ski Jackets Windproof Coat With Zip Pockets Hood,"
                    £51.98
                   ","
                      4.4 out of 5 stars
                     ","
                    2,559
                   ",https://www.amazon.com/donhobo-Waterproof-Jackets-Windproof-Pockets/dp/B0787PLRXM/ref=sr_1_44?crid=2CAHDTR5AV0UH&keywords=skII&qid=1665564619&qu=eyJxc2MiOiIzLjYxIiwicXNhIjoiMi45NiIsInFzcCI6IjIuODAifQ%3D%3D&sprefix=skii%2Caps%2C408&sr=8-44,2022-10-12
Sock Stack 4 Pairs Of Mens Performance Ski Sock Long Thermal Heat Pro Winter Cushioned Arch Support Snowboard Socks With Full Terry Socks UK Size 6-11,"
                    £9.95
                   ","
                      4.2 out of 5 stars
                     ","
                    223
                   ",https://www.amazon.com/Sock-Stack-Performance-Cushioned-Snowboard/dp/B07YRXCDVJ/ref=sr_1_45?crid=2CAHDTR5AV0UH&keywords=skII&qid=1665564619&qu=eyJxc2MiOiIzLjYxIiwicXNhIjoiMi45NiIsInFzcCI6IjIuODAifQ%3D%3D&sprefix=skii%2Caps%2C408&sr=8-45,2022-10-12
DREAM PAIRS Boys Girls Faux Fur Lined Winter Snow Boots (Toddler/Little Kid/Big Kid) Shorty-K,"
                    £29.99
                   ","
                      4.6 out of 5 stars
                     ","
                    6,149
                   ",https://www.amazon.com/Dream-Shorty-K-Chesnut-Sheepskin-Winter/dp/B07MZSY43Q/ref=sr_1_46?crid=2CAHDTR5AV0UH&keywords=skII&qid=1665564619&qu=eyJxc2MiOiIzLjYxIiwicXNhIjoiMi45NiIsInFzcCI6IjIuODAifQ%3D%3D&sprefix=skii%2Caps%2C408&sr=8-46,2022-10-12
"SECRET KEY Starting Treatment Essence Rose Edition 5.07 fl.oz. (150ml) - 94% Galactonyces Fermented Filtrate & Rose Flower Water, Anti-Wrikle & Moisturizing First Step Skin Care Essence, Paraben Free","
                    £23.95
                   ","
                      4.6 out of 5 stars
                     ","
                    206
                   ",https://www.amazon.com/Secret-Key-Starting-Treatment-Essence_Rose/dp/B01HCH690S/ref=sr_1_47?crid=2CAHDTR5AV0UH&keywords=skII&qid=1665564619&qu=eyJxc2MiOiIzLjYxIiwicXNhIjoiMi45NiIsInFzcCI6IjIuODAifQ%3D%3D&sprefix=skii%2Caps%2C408&sr=8-47,2022-10-12
4 Pairs High Performance Ladies Ski Socks Long Hose Thermal Socks-Assorted-UK 4 - 7,"
                    £12.95
                   ","
                      4.5 out of 5 stars
                     ","
                    2,891
                   ",https://www.amazon.com/Pairs-Performance-Ladies-Thermal-Socks-Assorted-UK/dp/B01N5MCB4M/ref=sr_1_48?crid=2CAHDTR5AV0UH&keywords=skII&qid=1665564619&qu=eyJxc2MiOiIzLjYxIiwicXNhIjoiMi45NiIsInFzcCI6IjIuODAifQ%3D%3D&sprefix=skii%2Caps%2C408&sr=8-48,2022-10-12
"Odoland OTG Ski Goggles Set with Detachable Lens, Frameless Interchangeable Magnetic Lens for Skiing Skating Snowboard, Anti-Fog and UV400 Protection Snow Goggles for Men and Women","
                    £39.99
                   ","
                      4.6 out of 5 stars
                     ","
                    492
                   ",https://www.amazon.com/Odoland-Detachable-Interchangeable-Snowmobiles-Protection/dp/B08CGZMM1C/ref=sr_1_50?crid=2CAHDTR5AV0UH&keywords=skII&qid=1665564619&qu=eyJxc2MiOiIzLjYxIiwicXNhIjoiMi45NiIsInFzcCI6IjIuODAifQ%3D%3D&sprefix=skii%2Caps%2C408&sr=8-50,2022-10-12
"Winter Neck Warmer Neck Gaiter Ski Snood for Men with Thermal Fleece Waterproof Fabric, Face Covering Multifunction Headwear Elastic Tube Face Scarf Face Shield for Sports Cycling Skiing, Running","
                    £8.99
                   ","
                      4.4 out of 5 stars
                     ","
                    607
                   ",https://www.amazon.com/Thermal-Waterproof-Covering-Multifunction-Headwear/dp/B08P3JBG38/ref=sr_1_51?crid=2CAHDTR5AV0UH&keywords=skII&qid=1665564619&qu=eyJxc2MiOiIzLjYxIiwicXNhIjoiMi45NiIsInFzcCI6IjIuODAifQ%3D%3D&sprefix=skii%2Caps%2C408&sr=8-51,2022-10-12
"DANISH ENDURANCE Merino Wool Performance Ski Socks, Shin Padding, for Men, Women, Kids, 1 Pack","
                    £26.95
                   ","
                      4.4 out of 5 stars
                     ","
                    3,455
                   ",https://www.amazon.com/DANISH-ENDURANCE-Alpine-Performance-Socks/dp/B07HKB1RS2/ref=sr_1_52?crid=2CAHDTR5AV0UH&keywords=skII&qid=1665564619&qu=eyJxc2MiOiIzLjYxIiwicXNhIjoiMi45NiIsInFzcCI6IjIuODAifQ%3D%3D&sprefix=skii%2Caps%2C408&sr=8-52,2022-10-12
"findway Ski Goggles, Skiing Goggles For Snowboard Jet Snow, For Women Men Ladies Youth Teen OTG Over Helmet Compatible, Anti-fog 100% UV Protection, Anti-glare Ski Goggles, For Skiing Snowboarding","
                    £19.99
                   ","
                      4.5 out of 5 stars
                     ","
                    1,258
                   ",https://www.amazon.com/findway-Compatible-Protection-Anti-glare-Snowboarding/dp/B07MVWWZ3X/ref=sr_1_53?crid=2CAHDTR5AV0UH&keywords=skII&qid=1665564619&qu=eyJxc2MiOiIzLjYxIiwicXNhIjoiMi45NiIsInFzcCI6IjIuODAifQ%3D%3D&sprefix=skii%2Caps%2C408&sr=8-53,2022-10-12
"DANISH ENDURANCE Merino Wool Performance Ski Socks, Shin Padding, for Men, Women, Kids, 2 Pack","
                    £37.95
                   ","
                      4.5 out of 5 stars
                     ","
                    827
                   ",https://www.amazon.com/Alpine-Performance-Socks-packs-Multicolour/dp/B07XYZXYCS/ref=sr_1_54?crid=2CAHDTR5AV0UH&keywords=skII&qid=1665564619&qu=eyJxc2MiOiIzLjYxIiwicXNhIjoiMi45NiIsInFzcCI6IjIuODAifQ%3D%3D&sprefix=skii%2Caps%2C408&sr=8-54,2022-10-12
YEKEYI Women Balaclava Hood hat Winter Cashmere Knitted Beanie Hats Ski Mask Ski Cap Outdoor,"
                    £19.99
                   ","
                      3.9 out of 5 stars
                     ","
                    23
                   ",https://www.amazon.com/YEKEYI-Balaclava-Cashmere-Knitted-Outdoor/dp/B08MT6ZZ4F/ref=sr_1_55?crid=2CAHDTR5AV0UH&keywords=skII&qid=1665564619&qu=eyJxc2MiOiIzLjYxIiwicXNhIjoiMi45NiIsInFzcCI6IjIuODAifQ%3D%3D&sprefix=skii%2Caps%2C408&sr=8-55,2022-10-12
GG ST Balaclava Windproof Ski Mask Winter Thermal Fleece Hood Heavyweight Neck Warmer Snood Outdoor Sports Face Covers Hat For Men & Women,"
                    £13.99
                   ","
                      4.3 out of 5 stars
                     ","
                    2,607
                   ",https://www.amazon.com/GG-ST-Balaclava-Windproof-Heavyweight/dp/B07GNTHWN6/ref=sr_1_56?crid=2CAHDTR5AV0UH&keywords=skII&qid=1665564619&qu=eyJxc2MiOiIzLjYxIiwicXNhIjoiMi45NiIsInFzcCI6IjIuODAifQ%3D%3D&sprefix=skii%2Caps%2C408&sr=8-56,2022-10-12
donhobo Men's Fleece Jacket Winter Waterproof Warm Ski Jackets Windproof Coat With Zip Pockets Hood,"
                      £51.98
                     ","
                        4.4 out of 5 stars
                       ","
                      2,559
                     ",https://www.amazon.com/sspa/click?ie=UTF8&spc=MTo3ODAxMjgwNjY5Njk1NjU4OjE2NjU1NjQ2MTk6c3BfYnRmOjIwMDQzMDM2MDk2MjA2OjowOjo&sp_csd=d2lkZ2V0TmFtZT1zcF9idGY&url=%2Fdonhobo-Waterproof-Jackets-Windproof-Pockets%2Fdp%2FB0787PLRXM%2Fref%3Dsr_1_57_sspa%3Fcrid%3D2CAHDTR5AV0UH%26keywords%3DskII%26qid%3D1665564619%26qu%3DeyJxc2MiOiIzLjYxIiwicXNhIjoiMi45NiIsInFzcCI6IjIuODAifQ%253D%253D%26sprefix%3Dskii%252Caps%252C408%26sr%3D8-57-spons%26psc%3D1,2022-10-12
"NIVEA Cellular LUMINOUS 630 Anti-Dark Spot Advanced Treatment Serum (30ml), Face Serum for Women, Facial Serum For Luminous Skin","
                      £10.00
                     ","
                        4.3 out of 5 stars
                       ","
                      520
                     ",https://www.amazon.com/sspa/click?ie=UTF8&spc=MTo3ODAxMjgwNjY5Njk1NjU4OjE2NjU1NjQ2MTk6c3BfYnRmOjIwMDI3OTMzOTI2ODk4OjowOjo&sp_csd=d2lkZ2V0TmFtZT1zcF9idGY&url=%2FNIVEA-Cellular-LUMINOUS-Anti-Dark-Treatment%2Fdp%2FB096R4DM7Y%2Fref%3Dsr_1_58_sspa%3Fcrid%3D2CAHDTR5AV0UH%26keywords%3DskII%26qid%3D1665564619%26qu%3DeyJxc2MiOiIzLjYxIiwicXNhIjoiMi45NiIsInFzcCI6IjIuODAifQ%253D%253D%26smid%3DA3P5ROKL5A1OLE%26sprefix%3Dskii%252Caps%252C408%26sr%3D8-58-spons%26psc%3D1,2022-10-12
"RAYZOR Ski Goggles Snowboard Goggles For Men & Women – OTG Ski Mask with UV400 Protection – Anti-Fog and Shatterproof Skiing Goggles, Anti-Glare Protective Goggles for Men Women Boys & Girls","
                      £21.95
                     ","
                        4.5 out of 5 stars
                       ","
                      869
                     ",https://www.amazon.com/sspa/click?ie=UTF8&spc=MTo3ODAxMjgwNjY5Njk1NjU4OjE2NjU1NjQ2MTk6c3BfYXRmOjIwMDE2NTI2MzAyMzk4OjowOjo&sp_csd=d2lkZ2V0TmFtZT1zcF9hdGY&url=%2FRayzor-Protection-Comfortable-Shatterproof-Snowmobiles%2Fdp%2FB002MQ6LTY%2Fref%3Dsr_1_1_sspa%3Fcrid%3D2CAHDTR5AV0UH%26keywords%3DskII%26qid%3D1665564619%26qu%3DeyJxc2MiOiIzLjYxIiwicXNhIjoiMi45NiIsInFzcCI6IjIuODAifQ%253D%253D%26sprefix%3Dskii%252Caps%252C408%26sr%3D8-1-spons%26psc%3D1,2022-10-12
Handle Double Shoulder Strap Easily 2Pcs Activities Fixing Fixing Belt Skis Strap Power Training Convenient for Family Skiing Activities,"
                      £10.49
                     ",,,https://www.amazon.com/sspa/click?ie=UTF8&spc=MTo3ODAxMjgwNjY5Njk1NjU4OjE2NjU1NjQ2MTk6c3BfYXRmOjIwMDcxMjg1MDcwMjk4OjowOjo&sp_csd=d2lkZ2V0TmFtZT1zcF9hdGY&url=%2FHandle-Shoulder-Activities-Training-Convenient%2Fdp%2FB09285W6B1%2Fref%3Dsr_1_2_sspa%3Fcrid%3D2CAHDTR5AV0UH%26keywords%3DskII%26qid%3D1665564619%26qu%3DeyJxc2MiOiIzLjYxIiwicXNhIjoiMi45NiIsInFzcCI6IjIuODAifQ%253D%253D%26sprefix%3Dskii%252Caps%252C408%26sr%3D8-2-spons%26psc%3D1,2022-10-12
IMIKEYA 6pcs Ski Straps Adjustable Ski Wraps Ties Ski Board Carrier Fastener Tape Colorful Tape Strap Band for Outdoor Skiing,"
                      £13.29
                     ",,,https://www.amazon.com/sspa/click?ie=UTF8&spc=MTo3ODAxMjgwNjY5Njk1NjU4OjE2NjU1NjQ2MTk6c3BfYXRmOjIwMDU5ODYxMzgwNjAxOjowOjo&sp_csd=d2lkZ2V0TmFtZT1zcF9hdGY&url=%2FIMIKEYA-Adjustable-Carrier-Fastener-Colorful%2Fdp%2FB08YQRQ6B7%2Fref%3Dsr_1_3_sspa%3Fcrid%3D2CAHDTR5AV0UH%26keywords%3DskII%26qid%3D1665564619%26qu%3DeyJxc2MiOiIzLjYxIiwicXNhIjoiMi45NiIsInFzcCI6IjIuODAifQ%253D%253D%26sprefix%3Dskii%252Caps%252C408%26sr%3D8-3-spons%26psc%3D1,2022-10-12
"Pinsofy Ski Shoulder Carrier, Power Training Portable Ski and Pole Carrier Strap, Adjustable 43.3in Skiing Skiers Pole for Fixing Ski","
                      £10.18
                     ",,,https://www.amazon.com/sspa/click?ie=UTF8&spc=MTo3ODAxMjgwNjY5Njk1NjU4OjE2NjU1NjQ2MTk6c3BfYXRmOjIwMDQ2NTYyNDczMjAyOjowOjo&sp_csd=d2lkZ2V0TmFtZT1zcF9hdGY&url=%2FPinsofy-Shoulder-Training-Portable-Adjustable%2Fdp%2FB08P93CBQV%2Fref%3Dsr_1_4_sspa%3Fcrid%3D2CAHDTR5AV0UH%26keywords%3DskII%26qid%3D1665564619%26qu%3DeyJxc2MiOiIzLjYxIiwicXNhIjoiMi45NiIsInFzcCI6IjIuODAifQ%253D%253D%26sprefix%3Dskii%252Caps%252C408%26sr%3D8-4-spons%26psc%3D1,2022-10-12
SK-II Facial Treatment Essence Pitera 7.7oz,"
                    £212.00
                   ","
                      4.4 out of 5 stars
                     ","
                    237
                   ",https://www.amazon.com/SK-II-Facial-Treatment-Essence-Pitera/dp/B01M599DYT/ref=sr_1_5?crid=2CAHDTR5AV0UH&keywords=skII&qid=1665564619&qu=eyJxc2MiOiIzLjYxIiwicXNhIjoiMi45NiIsInFzcCI6IjIuODAifQ%3D%3D&sprefix=skii%2Caps%2C408&sr=8-5,2022-10-12
SK-II GENOPTICS Aura Essence 50ml 2016,"
                    £174.95
                   ","
                      4.1 out of 5 stars
                     ","
                    76
                   ",https://www.amazon.com/SK-II-GENOPTICS-AURA-ESSENCE-50ml/dp/B01BF1SC6Q/ref=sr_1_6?crid=2CAHDTR5AV0UH&keywords=skII&qid=1665564619&qu=eyJxc2MiOiIzLjYxIiwicXNhIjoiMi45NiIsInFzcCI6IjIuODAifQ%3D%3D&sprefix=skii%2Caps%2C408&sr=8-6,2022-10-12
SK-II Facial Treatment Gentle Cleanser - 120ml,"
                    £77.00
                   ","
                      4.1 out of 5 stars
                     ","
                    66
                   ",https://www.amazon.com/SK-II-Cleanser-Facial-Treatment/dp/B00ANEU7HY/ref=sr_1_7?crid=2CAHDTR5AV0UH&keywords=skII&qid=1665564619&qu=eyJxc2MiOiIzLjYxIiwicXNhIjoiMi45NiIsInFzcCI6IjIuODAifQ%3D%3D&sprefix=skii%2Caps%2C408&sr=8-7,2022-10-12
SK-II - Facial Treatment Clear Lotion (230ml),"
                    £83.95
                   ","
                      4.4 out of 5 stars
                     ","
                    189
                   ",https://www.amazon.com/SK-II-Facial-Treatment-Clear-Lotion/dp/B06ZZYQXJG/ref=sr_1_8?crid=2CAHDTR5AV0UH&keywords=skII&qid=1665564619&qu=eyJxc2MiOiIzLjYxIiwicXNhIjoiMi45NiIsInFzcCI6IjIuODAifQ%3D%3D&sprefix=skii%2Caps%2C408&sr=8-8,2022-10-12
Facial Treatment Mask SKII 10 Pcs Treatment For Unisex,"
                    £116.68
                   ","
                      4.4 out of 5 stars
                     ","
                    203
                   ",https://www.amazon.com/Facial-Treatment-Mask-SKII-Unisex/dp/B00JDVP18S/ref=sr_1_9?crid=2CAHDTR5AV0UH&keywords=skII&qid=1665564619&qu=eyJxc2MiOiIzLjYxIiwicXNhIjoiMi45NiIsInFzcCI6IjIuODAifQ%3D%3D&sprefix=skii%2Caps%2C408&sr=8-9,2022-10-12
SK II Facial Treatment Essence 230ml,"
                    £177.21
                   ","
                      4.3 out of 5 stars
                     ","
                    526
                   ",https://www.amazon.com/SK-Facial-Treatment-Essence-230ml/dp/B01296JRMO/ref=sr_1_10?crid=2CAHDTR5AV0UH&keywords=skII&qid=1665564619&qu=eyJxc2MiOiIzLjYxIiwicXNhIjoiMi45NiIsInFzcCI6IjIuODAifQ%3D%3D&sprefix=skii%2Caps%2C408&sr=8-10,2022-10-12
SK-II R.N.A Power Radical New Age Eye Cream 0.5oz,"
                    £99.98
                   ","
                      4.0 out of 5 stars
                     ","
                    121
                   ",https://www.amazon.com/SK-II-Power-Radical-Cream-0-5oz/dp/B0716JS4KX/ref=sr_1_11?crid=2CAHDTR5AV0UH&keywords=skII&qid=1665564619&qu=eyJxc2MiOiIzLjYxIiwicXNhIjoiMi45NiIsInFzcCI6IjIuODAifQ%3D%3D&sprefix=skii%2Caps%2C408&sr=8-11,2022-10-12
DREAM PAIRS Womens Outdoor Snow Boots Ladies Winter Boot Waterproof Lightweight Warm Fashion Shoes,"
                    £34.99
                   ","
                      5.0 out of 5 stars
                     ","
                    1
                   ",https://www.amazon.com/DREAM-PAIRS-Waterproof-Lightweight-SDSB2213W/dp/B09ZLGYNR7/ref=sr_1_12?crid=2CAHDTR5AV0UH&keywords=skII&qid=1665564619&qu=eyJxc2MiOiIzLjYxIiwicXNhIjoiMi45NiIsInFzcCI6IjIuODAifQ%3D%3D&sprefix=skii%2Caps%2C408&sr=8-12,2022-10-12
"Morrisons Chocolate Mousse 6 Pots, 360 g","
                    £1.25
                   ","
                      4.4 out of 5 stars
                     ","
                    702
                   ",https://www.amazon.com/Morrisons-Chocolate-Mousse-60g-pots/dp/B01AWH2NJ6/ref=sr_1_13_f3_0o_morri?crid=2CAHDTR5AV0UH&keywords=skII&qid=1665564619&qu=eyJxc2MiOiIzLjYxIiwicXNhIjoiMi45NiIsInFzcCI6IjIuODAifQ%3D%3D&sprefix=skii%2Caps%2C408&sr=8-13,2022-10-12
"Paula's Choice Skin Perfecting 2% BHA Liquid Exfoliant - Face Exfoliating Peel Fights Blackheads, Breakouts & Enlarged Pores - with Salicylic Acid - Combination, Oily & Acne Prone Skin - 118 ml","
                    £33.00
                   ","
                      4.5 out of 5 stars
                     ","
                    13,124
                   ",https://www.amazon.com/Paulas-Choice-Perfecting-Liquid-Exfoliant/dp/B07PCSNFLP/ref=sr_1_14?crid=2CAHDTR5AV0UH&keywords=skII&qid=1665564619&qu=eyJxc2MiOiIzLjYxIiwicXNhIjoiMi45NiIsInFzcCI6IjIuODAifQ%3D%3D&sprefix=skii%2Caps%2C408&sr=8-14,2022-10-12
MEDIHEAL Official [Korea's No 1 Sheet Mask] - Collagen Essential Lifting & Firming Mask (5 Masks),"
                    £11.05
                   ","
                      4.6 out of 5 stars
                     ","
                    1,392
                   ",https://www.amazon.com/MEDIHEAL-Official-Koreas-Sheet-Mask/dp/B07T32XPCW/ref=sr_1_15?crid=2CAHDTR5AV0UH&keywords=skII&qid=1665564619&qu=eyJxc2MiOiIzLjYxIiwicXNhIjoiMi45NiIsInFzcCI6IjIuODAifQ%3D%3D&sprefix=skii%2Caps%2C408&sr=8-15,2022-10-12
"OutdoorMaster Ski Goggles PRO - Frameless, Interchangeable Lens 100% UV400 Protection Snow Goggles for Men & Women","
                    £37.99
                   ","
                      4.6 out of 5 stars
                     ","
                    7,834
                   ",https://www.amazon.com/OutdoorMaster-Ski-Goggles-PRO-Interchangeable/dp/B014XKTFI0/ref=sr_1_16?crid=2CAHDTR5AV0UH&keywords=skII&qid=1665564619&qu=eyJxc2MiOiIzLjYxIiwicXNhIjoiMi45NiIsInFzcCI6IjIuODAifQ%3D%3D&sprefix=skii%2Caps%2C408&sr=8-16,2022-10-12
Retinol Moisturizer for Face (120ml) – Anti Ageing Face Cream Reduces Scars Ance and Wrinkles with Hyaluronic Acid and Vitamin E,"
                    £18.88
                   ","
                      4.2 out of 5 stars
                     ","
                    7,345
                   ",https://www.amazon.com/2-5-Retinol-Moisturizer-Face-120ml/dp/B017XZVYMC/ref=sr_1_17?crid=2CAHDTR5AV0UH&keywords=skII&qid=1665564619&qu=eyJxc2MiOiIzLjYxIiwicXNhIjoiMi45NiIsInFzcCI6IjIuODAifQ%3D%3D&sprefix=skii%2Caps%2C408&sr=8-17,2022-10-12
Skinfood Facial Mask Rice Wash Off - 3.52 Oz,"
                    £13.00
                   ","
                      4.4 out of 5 stars
                     ","
                    127
                   ",https://www.amazon.com/Skin-food-Rice-Mask-Ounce/dp/B004FKNYWW/ref=sr_1_18?crid=2CAHDTR5AV0UH&keywords=skII&qid=1665564619&qu=eyJxc2MiOiIzLjYxIiwicXNhIjoiMi45NiIsInFzcCI6IjIuODAifQ%3D%3D&sprefix=skii%2Caps%2C408&sr=8-18,2022-10-12
Balaclava Ski Mask for Men Women Face Mask for Cold Weather Winter Windproof Outdoors in Winter Neck Warmer Multifunctional Sports Cold Weather Gear,"
                    £12.88
                   ","
                      4.1 out of 5 stars
                     ","
                    1,748
                   ",https://www.amazon.com/Balaclava-Windproof-Motorcycle-Multifunctional-Snowboard/dp/B0756RNPR8/ref=sr_1_19?crid=2CAHDTR5AV0UH&keywords=skII&qid=1665564619&qu=eyJxc2MiOiIzLjYxIiwicXNhIjoiMi45NiIsInFzcCI6IjIuODAifQ%3D%3D&sprefix=skii%2Caps%2C408&sr=8-19,2022-10-12
"SLOPE WARRIOR Cosmic Rider Merino Wool Alpine Performance Socks, for Men, Women, Shin Padding, Fast Drying, Warm, Knee High Thermal Socks for Ski, Snowboarding and Mountaineering","
                    £18.60
                   ","
                      4.1 out of 5 stars
                     ","
                    4
                   ",https://www.amazon.com/SLOPE-WARRIOR-Cosmic-Rider-High-Performance/dp/B07SX7RL28/ref=sr_1_20?crid=2CAHDTR5AV0UH&keywords=skII&qid=1665564619&qu=eyJxc2MiOiIzLjYxIiwicXNhIjoiMi45NiIsInFzcCI6IjIuODAifQ%3D%3D&sprefix=skii%2Caps%2C408&sr=8-20,2022-10-12
NORTIV 8 Men's 170410 Insulated Waterproof Construction Hiking Winter Snow Boots,"
                    £46.99
                   ","
                      4.4 out of 5 stars
                     ","
                    4,198
                   ",https://www.amazon.com/NORTIV-170410-Waterproof-Winter-Boots/dp/B07FS7B753/ref=sr_1_21?crid=2CAHDTR5AV0UH&keywords=skII&qid=1665564619&qu=eyJxc2MiOiIzLjYxIiwicXNhIjoiMi45NiIsInFzcCI6IjIuODAifQ%3D%3D&sprefix=skii%2Caps%2C408&sr=8-21,2022-10-12
"Snowledge Ski Snowboard Goggles with UV400 Protection, Skiing Snowboarding Goggles of Dual Lens with Anti Fog for Men, Women,Helmet Compatible","
                    £27.99
                   ","
                      4.5 out of 5 stars
                     ","
                    782
                   ",https://www.amazon.com/Snowledge-Snowboard-Goggles-Protection-Compatible/dp/B07GQN2PJ4/ref=sr_1_22?crid=2CAHDTR5AV0UH&keywords=skII&qid=1665564619&qu=eyJxc2MiOiIzLjYxIiwicXNhIjoiMi45NiIsInFzcCI6IjIuODAifQ%3D%3D&sprefix=skii%2Caps%2C408&sr=8-22,2022-10-12
"Merino Wool Ski Socks, Cold Weather Knee-High Thermal Socks for Winter, Snow, Snowboarding, Hiking","
                    £22.31
                   ","
                      4.7 out of 5 stars
                     ","
                    122
                   ",https://www.amazon.com/Merino-Weather-Knee-High-Thermal-Snowboarding/dp/B09M3HCSGS/ref=sr_1_23?crid=2CAHDTR5AV0UH&keywords=skII&qid=1665564619&qu=eyJxc2MiOiIzLjYxIiwicXNhIjoiMi45NiIsInFzcCI6IjIuODAifQ%3D%3D&sprefix=skii%2Caps%2C408&sr=8-23,2022-10-12
OutdoorMaster Ski Goggles PRO Replacement Lens,"
                    £27.99
                   ","
                      4.6 out of 5 stars
                     ","
                    2,372
                   ",https://www.amazon.com/OutdoorMaster-Ski-Goggles-Replacement-Lens/dp/B074JY1NHC/ref=sr_1_24?crid=2CAHDTR5AV0UH&keywords=skII&qid=1665564619&qu=eyJxc2MiOiIzLjYxIiwicXNhIjoiMi45NiIsInFzcCI6IjIuODAifQ%3D%3D&sprefix=skii%2Caps%2C408&sr=8-24,2022-10-12
"Merino Wool Socks High Performance Compression Ski Socks Mens and Women Thermal Knee High Socks, 2 Pairs","
                    £25.99
                   ","
                      4.4 out of 5 stars
                     ","
                    39
                   ",https://www.amazon.com/Merino-Performance-Compression-Socks-Thermal/dp/B09MD5RHY3/ref=sr_1_25?crid=2CAHDTR5AV0UH&keywords=skII&qid=1665564619&qu=eyJxc2MiOiIzLjYxIiwicXNhIjoiMi45NiIsInFzcCI6IjIuODAifQ%3D%3D&sprefix=skii%2Caps%2C408&sr=8-25,2022-10-12
DREAM PAIRS Women’s Waterproof Wellington Duck Rain Boots Outdoor Ankle Low Heel Snow Boots Ladies Originals Lace-up Winter Boots,"
                    £29.99
                   ","
                      5.0 out of 5 stars
                     ","
                    1
                   ",https://www.amazon.com/DREAM-PAIRS-Originals-Waterproof-SDSB2211W-1/dp/B09ZLGFH4D/ref=sr_1_26?crid=2CAHDTR5AV0UH&keywords=skII&qid=1665564619&qu=eyJxc2MiOiIzLjYxIiwicXNhIjoiMi45NiIsInFzcCI6IjIuODAifQ%3D%3D&sprefix=skii%2Caps%2C408&sr=8-26,2022-10-12
"RAYZOR Ski Goggles Snowboard Goggles For Men & Women – OTG Ski Mask with UV400 Protection – Anti-Fog and Shatterproof Skiing Goggles, Anti-Glare Protective Goggles for Men Women Boys & Girls","
                    £21.95
                   ","
                      4.5 out of 5 stars
                     ","
                    869
                   ",https://www.amazon.com/Rayzor-Protection-Comfortable-Shatterproof-Snowmobiles/dp/B002MQ6LTY/ref=sr_1_27?crid=2CAHDTR5AV0UH&keywords=skII&qid=1665564619&qu=eyJxc2MiOiIzLjYxIiwicXNhIjoiMi45NiIsInFzcCI6IjIuODAifQ%3D%3D&sprefix=skii%2Caps%2C408&sr=8-27,2022-10-12
5 Pairs Mens High Performance Thermal Ski Socks - Multicoloured - Mens UK Size 6-11 (EU 39-45),"
                    £11.95
                   ","
                      4.3 out of 5 stars
                     ","
                    363
                   ",https://www.amazon.com/SX167-6-11-Mens-Socks-Pack-6-11/dp/B08M3QKF95/ref=sr_1_28?crid=2CAHDTR5AV0UH&keywords=skII&qid=1665564619&qu=eyJxc2MiOiIzLjYxIiwicXNhIjoiMi45NiIsInFzcCI6IjIuODAifQ%3D%3D&sprefix=skii%2Caps%2C408&sr=8-28,2022-10-12
"SPOSUNE OTG Ski Goggles - Over Glasses Snow Snowboard Goggle with Anti fog Dual lens for Men Women Youth Kids Skiing Skating Snowmobile, Windproof UV400 Protection Winter Sports Protective Glasses","
                    £25.99
                   ","
                      4.6 out of 5 stars
                     ","
                    705
                   ",https://www.amazon.com/SPOSUNE-Protection-Spherical-Snowboard-Compatible/dp/B07WP2LSLR/ref=sr_1_29?crid=2CAHDTR5AV0UH&keywords=skII&qid=1665564619&qu=eyJxc2MiOiIzLjYxIiwicXNhIjoiMi45NiIsInFzcCI6IjIuODAifQ%3D%3D&sprefix=skii%2Caps%2C408&sr=8-29,2022-10-12
SAITAG Balaclava Ski Mask Warm Face Mask for Cold Weather Winter Skiing Snowboarding Motorcycling Ice Fishing Men,"
                    £17.59
                   ","
                      4.6 out of 5 stars
                     ","
                    364
                   ",https://www.amazon.com/SAITAG-Balaclava-Weather-Snowboarding-Motorcycling/dp/B09D2VX1F6/ref=sr_1_30?crid=2CAHDTR5AV0UH&keywords=skII&qid=1665564619&qu=eyJxc2MiOiIzLjYxIiwicXNhIjoiMi45NiIsInFzcCI6IjIuODAifQ%3D%3D&sprefix=skii%2Caps%2C408&sr=8-30,2022-10-12
"2 Pairs Men's Wool Socks, 80% Merino, Hiking Walking Thermal Athletic Socks for Winter Outdoor Recreation Trekking Climbing(UK M-L)","
                    £11.99
                   ","
                      4.4 out of 5 stars
                     ","
                    513
                   ",https://www.amazon.com/Walking-Athletic-Recreation-Trekking-Climbing/dp/B07XGK6VDJ/ref=sr_1_31?crid=2CAHDTR5AV0UH&keywords=skII&qid=1665564619&qu=eyJxc2MiOiIzLjYxIiwicXNhIjoiMi45NiIsInFzcCI6IjIuODAifQ%3D%3D&sprefix=skii%2Caps%2C408&sr=8-31,2022-10-12
"Mountain Warehouse Kids Ski Jacket & Trousers Set - Snowproof Ski Outfit, Front Pockets, Fleece Lined Skiwear, Integrated Snowskirt - Best for Winter Snowboarding","
                    £59.99
                   ","
                      4.6 out of 5 stars
                     ","
                    1,423
                   ",https://www.amazon.com/Mountain-Warehouse-Kids-Jacket-Trousers/dp/B08SKQJ5R6/ref=sr_1_32?crid=2CAHDTR5AV0UH&keywords=skII&qid=1665564619&qu=eyJxc2MiOiIzLjYxIiwicXNhIjoiMi45NiIsInFzcCI6IjIuODAifQ%3D%3D&sprefix=skii%2Caps%2C408&sr=8-32,2022-10-12
"DANISH ENDURANCE Merino Wool Performance Ski Socks, Shin Padding, for Men, Women, Kids, 1 Pack","
                      £26.95
                     ","
                        4.4 out of 5 stars
                       ","
                      3,455
                     ",https://www.amazon.com/sspa/click?ie=UTF8&spc=MTo3ODAxMjgwNjY5Njk1NjU4OjE2NjU1NjQ2MTk6c3BfbXRmOjIwMDcwNDgxMjAzMTA4OjowOjo&sp_csd=d2lkZ2V0TmFtZT1zcF9tdGY&url=%2FDANISH-ENDURANCE-Alpine-Performance-Yellow%2Fdp%2FB07G4BYKTC%2Fref%3Dsr_1_33_sspa%3Fcrid%3D2CAHDTR5AV0UH%26keywords%3DskII%26qid%3D1665564619%26qu%3DeyJxc2MiOiIzLjYxIiwicXNhIjoiMi45NiIsInFzcCI6IjIuODAifQ%253D%253D%26sprefix%3Dskii%252Caps%252C408%26sr%3D8-33-spons%26psc%3D1,2022-10-12
AKSIUM ACCESS,"
                      £38.96
                     ","
                        4.5 out of 5 stars
                       ","
                      656
                     ",https://www.amazon.com/sspa/click?ie=UTF8&spc=MTo3ODAxMjgwNjY5Njk1NjU4OjE2NjU1NjQ2MTk6c3BfbXRmOjIwMDgxNTY2OTkzNTk4OjowOjo&sp_csd=d2lkZ2V0TmFtZT1zcF9tdGY&url=%2FSalomon-Aksium-Goggles-Universal-L40846100%2Fdp%2FB07WKN59J7%2Fref%3Dsr_1_34_sspa%3Fcrid%3D2CAHDTR5AV0UH%26keywords%3DskII%26qid%3D1665564619%26qu%3DeyJxc2MiOiIzLjYxIiwicXNhIjoiMi45NiIsInFzcCI6IjIuODAifQ%253D%253D%26sprefix%3Dskii%252Caps%252C408%26sr%3D8-34-spons%26psc%3D1,2022-10-12
"JVR Blackhead Remover Mask for Men, Bamboo Charcoal Peel Off Black Mask, Purifying & Deep Cleansing for All Skin Types 120g","
                      £9.99
                     ","
                        4.0 out of 5 stars
                       ","
                      504
                     ",https://www.amazon.com/sspa/click?ie=UTF8&spc=MTo3ODAxMjgwNjY5Njk1NjU4OjE2NjU1NjQ2MTk6c3BfbXRmOjIwMDc2NTczMzAyMzk4OjowOjo&sp_csd=d2lkZ2V0TmFtZT1zcF9tdGY&url=%2FJVR-Blackhead-Charcoal-Purifying-Cleansing%2Fdp%2FB087JBPNT5%2Fref%3Dsr_1_35_sspa%3Fcrid%3D2CAHDTR5AV0UH%26keywords%3DskII%26qid%3D1665564619%26qu%3DeyJxc2MiOiIzLjYxIiwicXNhIjoiMi45NiIsInFzcCI6IjIuODAifQ%253D%253D%26sprefix%3Dskii%252Caps%252C408%26sr%3D8-35-spons%26psc%3D1,2022-10-12
REN Clean Skincare Supersize Overnight Recovery Balm 50ml,"
                      £49.00
                     ",,"
                     (£98.00/100 ml)
                    ",https://www.amazon.com/sspa/click?ie=UTF8&spc=MTo3ODAxMjgwNjY5Njk1NjU4OjE2NjU1NjQ2MTk6c3BfbXRmOjIwMDY4Mjg2NjY1ODk4OjowOjo&sp_csd=d2lkZ2V0TmFtZT1zcF9tdGY&url=%2FREN-Clean-Skincare-Supersize-Overnight%2Fdp%2FB09NQFPQ4N%2Fref%3Dsr_1_36_sspa%3Fcrid%3D2CAHDTR5AV0UH%26keywords%3DskII%26qid%3D1665564619%26qu%3DeyJxc2MiOiIzLjYxIiwicXNhIjoiMi45NiIsInFzcCI6IjIuODAifQ%253D%253D%26smid%3DA3P5ROKL5A1OLE%26sprefix%3Dskii%252Caps%252C408%26sr%3D8-36-spons%26psc%3D1,2022-10-12
Blulu Ski Mask Winter Balaclava Ski Mask Warm Full Face Ski Mask Thermal Men Ski Mask 3 Hole Knit Face Mask for Outdoor Sports,"
                    £7.59
                   ","
                      3.9 out of 5 stars
                     ","
                    92
                   ",https://www.amazon.com/Winter-Balaclava-Thermal-3-Hole-Outdoor/dp/B09J16SXYJ/ref=sr_1_37?crid=2CAHDTR5AV0UH&keywords=skII&qid=1665564619&qu=eyJxc2MiOiIzLjYxIiwicXNhIjoiMi45NiIsInFzcCI6IjIuODAifQ%3D%3D&sprefix=skii%2Caps%2C408&sr=8-37,2022-10-12
"coskefy Thermal Gloves, -20℉ Coldproof Touchscreen Ski Gloves Waterproof Winter Gloves 3M Thinsulate Snow Gloves for Walking Snowboarding Hiking Outdoor","
                    £11.04
                   ","
                      4.5 out of 5 stars
                     ","
                    1,967
                   ",https://www.amazon.com/coskefy-Thermal-Thinsulate-Touchscreen-Snowboarding/dp/B07HGQMK4H/ref=sr_1_38?crid=2CAHDTR5AV0UH&keywords=skII&qid=1665564619&qu=eyJxc2MiOiIzLjYxIiwicXNhIjoiMi45NiIsInFzcCI6IjIuODAifQ%3D%3D&smid=A3PNIR7C4EEUQS&sprefix=skii%2Caps%2C408&sr=8-38,2022-10-12
BODY ARMOUR CE MOTORBIKE/MOTORCYCLE/MOTOCROSS SKIING SKATING SNOW BOARD IMPACT PADDED SPINE GUARD PROTECTIVE SUIT (M),"
                    £49.99
                   ","
                      3.5 out of 5 stars
                     ","
                    8
                   ",https://www.amazon.com/ARMOUR-MOTORBIKE-MOTORCYCLE-MOTOCROSS-PROTECTIVE/dp/B07DCFMPB3/ref=sr_1_39?crid=2CAHDTR5AV0UH&keywords=skII&qid=1665564619&qu=eyJxc2MiOiIzLjYxIiwicXNhIjoiMi45NiIsInFzcCI6IjIuODAifQ%3D%3D&sprefix=skii%2Caps%2C408&sr=8-39,2022-10-12
4 Pairs of Mens High Performance Thermal Ski Socks-Assorted-UK 6 - 11 ( Eur 39 - 45 ),"
                    £12.95
                   ","
                      4.5 out of 5 stars
                     ","
                    4,028
                   ",https://www.amazon.com/Pairs-Mens-Performance-Thermal-Socks-Assorted-UK/dp/B01N59WFGI/ref=sr_1_40?crid=2CAHDTR5AV0UH&keywords=skII&qid=1665564619&qu=eyJxc2MiOiIzLjYxIiwicXNhIjoiMi45NiIsInFzcCI6IjIuODAifQ%3D%3D&sprefix=skii%2Caps%2C408&sr=8-40,2022-10-12
Sakkas Booker Cashmere Feel Solid Colored Unisex Winter Scarf With Fringe,"
                    £12.99
                   ","
                      4.4 out of 5 stars
                     ","
                    443
                   ",https://www.amazon.com/Sakkas-1590-Booker-Cashmere-Colored/dp/B07CP2KVM9/ref=sr_1_42?crid=2CAHDTR5AV0UH&keywords=skII&qid=1665564619&qu=eyJxc2MiOiIzLjYxIiwicXNhIjoiMi45NiIsInFzcCI6IjIuODAifQ%3D%3D&sprefix=skii%2Caps%2C408&sr=8-42,2022-10-12
"L'Oréal Paris Perfect Golden Age Re-Activating Essence, 125ml","
                    £16.99
                   ","
                      4.5 out of 5 stars
                     ","
                    631
                   ",https://www.amazon.com/LOr%C3%A9al-Perfect-Golden-Re-Activating-Essence/dp/B01AIPJ4A8/ref=sr_1_43?crid=2CAHDTR5AV0UH&keywords=skII&qid=1665564619&qu=eyJxc2MiOiIzLjYxIiwicXNhIjoiMi45NiIsInFzcCI6IjIuODAifQ%3D%3D&sprefix=skii%2Caps%2C408&sr=8-43,2022-10-12
donhobo Men's Fleece Jacket Winter Waterproof Warm Ski Jackets Windproof Coat With Zip Pockets Hood,"
                    £51.98
                   ","
                      4.4 out of 5 stars
                     ","
                    2,559
                   ",https://www.amazon.com/donhobo-Waterproof-Jackets-Windproof-Pockets/dp/B0787PLRXM/ref=sr_1_44?crid=2CAHDTR5AV0UH&keywords=skII&qid=1665564619&qu=eyJxc2MiOiIzLjYxIiwicXNhIjoiMi45NiIsInFzcCI6IjIuODAifQ%3D%3D&sprefix=skii%2Caps%2C408&sr=8-44,2022-10-12
Sock Stack 4 Pairs Of Mens Performance Ski Sock Long Thermal Heat Pro Winter Cushioned Arch Support Snowboard Socks With Full Terry Socks UK Size 6-11,"
                    £9.95
                   ","
                      4.2 out of 5 stars
                     ","
                    223
                   ",https://www.amazon.com/Sock-Stack-Performance-Cushioned-Snowboard/dp/B07YRXCDVJ/ref=sr_1_45?crid=2CAHDTR5AV0UH&keywords=skII&qid=1665564619&qu=eyJxc2MiOiIzLjYxIiwicXNhIjoiMi45NiIsInFzcCI6IjIuODAifQ%3D%3D&sprefix=skii%2Caps%2C408&sr=8-45,2022-10-12
DREAM PAIRS Boys Girls Faux Fur Lined Winter Snow Boots (Toddler/Little Kid/Big Kid) Shorty-K,"
                    £29.99
                   ","
                      4.6 out of 5 stars
                     ","
                    6,149
                   ",https://www.amazon.com/Dream-Shorty-K-Chesnut-Sheepskin-Winter/dp/B07MZSY43Q/ref=sr_1_46?crid=2CAHDTR5AV0UH&keywords=skII&qid=1665564619&qu=eyJxc2MiOiIzLjYxIiwicXNhIjoiMi45NiIsInFzcCI6IjIuODAifQ%3D%3D&sprefix=skii%2Caps%2C408&sr=8-46,2022-10-12
"SECRET KEY Starting Treatment Essence Rose Edition 5.07 fl.oz. (150ml) - 94% Galactonyces Fermented Filtrate & Rose Flower Water, Anti-Wrikle & Moisturizing First Step Skin Care Essence, Paraben Free","
                    £23.95
                   ","
                      4.6 out of 5 stars
                     ","
                    206
                   ",https://www.amazon.com/Secret-Key-Starting-Treatment-Essence_Rose/dp/B01HCH690S/ref=sr_1_47?crid=2CAHDTR5AV0UH&keywords=skII&qid=1665564619&qu=eyJxc2MiOiIzLjYxIiwicXNhIjoiMi45NiIsInFzcCI6IjIuODAifQ%3D%3D&sprefix=skii%2Caps%2C408&sr=8-47,2022-10-12
4 Pairs High Performance Ladies Ski Socks Long Hose Thermal Socks-Assorted-UK 4 - 7,"
                    £12.95
                   ","
                      4.5 out of 5 stars
                     ","
                    2,891
                   ",https://www.amazon.com/Pairs-Performance-Ladies-Thermal-Socks-Assorted-UK/dp/B01N5MCB4M/ref=sr_1_48?crid=2CAHDTR5AV0UH&keywords=skII&qid=1665564619&qu=eyJxc2MiOiIzLjYxIiwicXNhIjoiMi45NiIsInFzcCI6IjIuODAifQ%3D%3D&sprefix=skii%2Caps%2C408&sr=8-48,2022-10-12
"Odoland OTG Ski Goggles Set with Detachable Lens, Frameless Interchangeable Magnetic Lens for Skiing Skating Snowboard, Anti-Fog and UV400 Protection Snow Goggles for Men and Women","
                    £39.99
                   ","
                      4.6 out of 5 stars
                     ","
                    492
                   ",https://www.amazon.com/Odoland-Detachable-Interchangeable-Snowmobiles-Protection/dp/B08CGZMM1C/ref=sr_1_50?crid=2CAHDTR5AV0UH&keywords=skII&qid=1665564619&qu=eyJxc2MiOiIzLjYxIiwicXNhIjoiMi45NiIsInFzcCI6IjIuODAifQ%3D%3D&sprefix=skii%2Caps%2C408&sr=8-50,2022-10-12
"Winter Neck Warmer Neck Gaiter Ski Snood for Men with Thermal Fleece Waterproof Fabric, Face Covering Multifunction Headwear Elastic Tube Face Scarf Face Shield for Sports Cycling Skiing, Running","
                    £8.99
                   ","
                      4.4 out of 5 stars
                     ","
                    607
                   ",https://www.amazon.com/Thermal-Waterproof-Covering-Multifunction-Headwear/dp/B08P3JBG38/ref=sr_1_51?crid=2CAHDTR5AV0UH&keywords=skII&qid=1665564619&qu=eyJxc2MiOiIzLjYxIiwicXNhIjoiMi45NiIsInFzcCI6IjIuODAifQ%3D%3D&sprefix=skii%2Caps%2C408&sr=8-51,2022-10-12
"DANISH ENDURANCE Merino Wool Performance Ski Socks, Shin Padding, for Men, Women, Kids, 1 Pack","
                    £26.95
                   ","
                      4.4 out of 5 stars
                     ","
                    3,455
                   ",https://www.amazon.com/DANISH-ENDURANCE-Alpine-Performance-Socks/dp/B07HKB1RS2/ref=sr_1_52?crid=2CAHDTR5AV0UH&keywords=skII&qid=1665564619&qu=eyJxc2MiOiIzLjYxIiwicXNhIjoiMi45NiIsInFzcCI6IjIuODAifQ%3D%3D&sprefix=skii%2Caps%2C408&sr=8-52,2022-10-12
"findway Ski Goggles, Skiing Goggles For Snowboard Jet Snow, For Women Men Ladies Youth Teen OTG Over Helmet Compatible, Anti-fog 100% UV Protection, Anti-glare Ski Goggles, For Skiing Snowboarding","
                    £19.99
                   ","
                      4.5 out of 5 stars
                     ","
                    1,258
                   ",https://www.amazon.com/findway-Compatible-Protection-Anti-glare-Snowboarding/dp/B07MVWWZ3X/ref=sr_1_53?crid=2CAHDTR5AV0UH&keywords=skII&qid=1665564619&qu=eyJxc2MiOiIzLjYxIiwicXNhIjoiMi45NiIsInFzcCI6IjIuODAifQ%3D%3D&sprefix=skii%2Caps%2C408&sr=8-53,2022-10-12
"DANISH ENDURANCE Merino Wool Performance Ski Socks, Shin Padding, for Men, Women, Kids, 2 Pack","
                    £37.95
                   ","
                      4.5 out of 5 stars
                     ","
                    827
                   ",https://www.amazon.com/Alpine-Performance-Socks-packs-Multicolour/dp/B07XYZXYCS/ref=sr_1_54?crid=2CAHDTR5AV0UH&keywords=skII&qid=1665564619&qu=eyJxc2MiOiIzLjYxIiwicXNhIjoiMi45NiIsInFzcCI6IjIuODAifQ%3D%3D&sprefix=skii%2Caps%2C408&sr=8-54,2022-10-12
YEKEYI Women Balaclava Hood hat Winter Cashmere Knitted Beanie Hats Ski Mask Ski Cap Outdoor,"
                    £19.99
                   ","
                      3.9 out of 5 stars
                     ","
                    23
                   ",https://www.amazon.com/YEKEYI-Balaclava-Cashmere-Knitted-Outdoor/dp/B08MT6ZZ4F/ref=sr_1_55?crid=2CAHDTR5AV0UH&keywords=skII&qid=1665564619&qu=eyJxc2MiOiIzLjYxIiwicXNhIjoiMi45NiIsInFzcCI6IjIuODAifQ%3D%3D&sprefix=skii%2Caps%2C408&sr=8-55,2022-10-12
GG ST Balaclava Windproof Ski Mask Winter Thermal Fleece Hood Heavyweight Neck Warmer Snood Outdoor Sports Face Covers Hat For Men & Women,"
                    £13.99
                   ","
                      4.3 out of 5 stars
                     ","
                    2,607
                   ",https://www.amazon.com/GG-ST-Balaclava-Windproof-Heavyweight/dp/B07GNTHWN6/ref=sr_1_56?crid=2CAHDTR5AV0UH&keywords=skII&qid=1665564619&qu=eyJxc2MiOiIzLjYxIiwicXNhIjoiMi45NiIsInFzcCI6IjIuODAifQ%3D%3D&sprefix=skii%2Caps%2C408&sr=8-56,2022-10-12
donhobo Men's Fleece Jacket Winter Waterproof Warm Ski Jackets Windproof Coat With Zip Pockets Hood,"
                      £51.98
                     ","
                        4.4 out of 5 stars
                       ","
                      2,559
                     ",https://www.amazon.com/sspa/click?ie=UTF8&spc=MTo3ODAxMjgwNjY5Njk1NjU4OjE2NjU1NjQ2MTk6c3BfYnRmOjIwMDQzMDM2MDk2MjA2OjowOjo&sp_csd=d2lkZ2V0TmFtZT1zcF9idGY&url=%2Fdonhobo-Waterproof-Jackets-Windproof-Pockets%2Fdp%2FB0787PLRXM%2Fref%3Dsr_1_57_sspa%3Fcrid%3D2CAHDTR5AV0UH%26keywords%3DskII%26qid%3D1665564619%26qu%3DeyJxc2MiOiIzLjYxIiwicXNhIjoiMi45NiIsInFzcCI6IjIuODAifQ%253D%253D%26sprefix%3Dskii%252Caps%252C408%26sr%3D8-57-spons%26psc%3D1,2022-10-12
"NIVEA Cellular LUMINOUS 630 Anti-Dark Spot Advanced Treatment Serum (30ml), Face Serum for Women, Facial Serum For Luminous Skin","
                      £10.00
                     ","
                        4.3 out of 5 stars
                       ","
                      520
                     ",https://www.amazon.com/sspa/click?ie=UTF8&spc=MTo3ODAxMjgwNjY5Njk1NjU4OjE2NjU1NjQ2MTk6c3BfYnRmOjIwMDI3OTMzOTI2ODk4OjowOjo&sp_csd=d2lkZ2V0TmFtZT1zcF9idGY&url=%2FNIVEA-Cellular-LUMINOUS-Anti-Dark-Treatment%2Fdp%2FB096R4DM7Y%2Fref%3Dsr_1_58_sspa%3Fcrid%3D2CAHDTR5AV0UH%26keywords%3DskII%26qid%3D1665564619%26qu%3DeyJxc2MiOiIzLjYxIiwicXNhIjoiMi45NiIsInFzcCI6IjIuODAifQ%253D%253D%26smid%3DA3P5ROKL5A1OLE%26sprefix%3Dskii%252Caps%252C408%26sr%3D8-58-spons%26psc%3D1,2022-10-12
"RAYZOR Ski Goggles Snowboard Goggles For Men & Women – OTG Ski Mask with UV400 Protection – Anti-Fog and Shatterproof Skiing Goggles, Anti-Glare Protective Goggles for Men Women Boys & Girls","
                      £21.95
                     ","
                        4.5 out of 5 stars
                       ","
                      869
                     ",https://www.amazon.com/sspa/click?ie=UTF8&spc=MTo3ODAxMjgwNjY5Njk1NjU4OjE2NjU1NjQ2MTk6c3BfYXRmOjIwMDE2NTI2MzAyMzk4OjowOjo&sp_csd=d2lkZ2V0TmFtZT1zcF9hdGY&url=%2FRayzor-Protection-Comfortable-Shatterproof-Snowmobiles%2Fdp%2FB002MQ6LTY%2Fref%3Dsr_1_1_sspa%3Fcrid%3D2CAHDTR5AV0UH%26keywords%3DskII%26qid%3D1665564619%26qu%3DeyJxc2MiOiIzLjYxIiwicXNhIjoiMi45NiIsInFzcCI6IjIuODAifQ%253D%253D%26sprefix%3Dskii%252Caps%252C408%26sr%3D8-1-spons%26psc%3D1,2022-10-12
Handle Double Shoulder Strap Easily 2Pcs Activities Fixing Fixing Belt Skis Strap Power Training Convenient for Family Skiing Activities,"
                      £10.49
                     ",,,https://www.amazon.com/sspa/click?ie=UTF8&spc=MTo3ODAxMjgwNjY5Njk1NjU4OjE2NjU1NjQ2MTk6c3BfYXRmOjIwMDcxMjg1MDcwMjk4OjowOjo&sp_csd=d2lkZ2V0TmFtZT1zcF9hdGY&url=%2FHandle-Shoulder-Activities-Training-Convenient%2Fdp%2FB09285W6B1%2Fref%3Dsr_1_2_sspa%3Fcrid%3D2CAHDTR5AV0UH%26keywords%3DskII%26qid%3D1665564619%26qu%3DeyJxc2MiOiIzLjYxIiwicXNhIjoiMi45NiIsInFzcCI6IjIuODAifQ%253D%253D%26sprefix%3Dskii%252Caps%252C408%26sr%3D8-2-spons%26psc%3D1,2022-10-12
IMIKEYA 6pcs Ski Straps Adjustable Ski Wraps Ties Ski Board Carrier Fastener Tape Colorful Tape Strap Band for Outdoor Skiing,"
                      £13.29
                     ",,,https://www.amazon.com/sspa/click?ie=UTF8&spc=MTo3ODAxMjgwNjY5Njk1NjU4OjE2NjU1NjQ2MTk6c3BfYXRmOjIwMDU5ODYxMzgwNjAxOjowOjo&sp_csd=d2lkZ2V0TmFtZT1zcF9hdGY&url=%2FIMIKEYA-Adjustable-Carrier-Fastener-Colorful%2Fdp%2FB08YQRQ6B7%2Fref%3Dsr_1_3_sspa%3Fcrid%3D2CAHDTR5AV0UH%26keywords%3DskII%26qid%3D1665564619%26qu%3DeyJxc2MiOiIzLjYxIiwicXNhIjoiMi45NiIsInFzcCI6IjIuODAifQ%253D%253D%26sprefix%3Dskii%252Caps%252C408%26sr%3D8-3-spons%26psc%3D1,2022-10-12
"Pinsofy Ski Shoulder Carrier, Power Training Portable Ski and Pole Carrier Strap, Adjustable 43.3in Skiing Skiers Pole for Fixing Ski","
                      £10.18
                     ",,,https://www.amazon.com/sspa/click?ie=UTF8&spc=MTo3ODAxMjgwNjY5Njk1NjU4OjE2NjU1NjQ2MTk6c3BfYXRmOjIwMDQ2NTYyNDczMjAyOjowOjo&sp_csd=d2lkZ2V0TmFtZT1zcF9hdGY&url=%2FPinsofy-Shoulder-Training-Portable-Adjustable%2Fdp%2FB08P93CBQV%2Fref%3Dsr_1_4_sspa%3Fcrid%3D2CAHDTR5AV0UH%26keywords%3DskII%26qid%3D1665564619%26qu%3DeyJxc2MiOiIzLjYxIiwicXNhIjoiMi45NiIsInFzcCI6IjIuODAifQ%253D%253D%26sprefix%3Dskii%252Caps%252C408%26sr%3D8-4-spons%26psc%3D1,2022-10-12
SK-II Facial Treatment Essence Pitera 7.7oz,"
                    £212.00
                   ","
                      4.4 out of 5 stars
                     ","
                    237
                   ",https://www.amazon.com/SK-II-Facial-Treatment-Essence-Pitera/dp/B01M599DYT/ref=sr_1_5?crid=2CAHDTR5AV0UH&keywords=skII&qid=1665564619&qu=eyJxc2MiOiIzLjYxIiwicXNhIjoiMi45NiIsInFzcCI6IjIuODAifQ%3D%3D&sprefix=skii%2Caps%2C408&sr=8-5,2022-10-12
SK-II GENOPTICS Aura Essence 50ml 2016,"
                    £174.95
                   ","
                      4.1 out of 5 stars
                     ","
                    76
                   ",https://www.amazon.com/SK-II-GENOPTICS-AURA-ESSENCE-50ml/dp/B01BF1SC6Q/ref=sr_1_6?crid=2CAHDTR5AV0UH&keywords=skII&qid=1665564619&qu=eyJxc2MiOiIzLjYxIiwicXNhIjoiMi45NiIsInFzcCI6IjIuODAifQ%3D%3D&sprefix=skii%2Caps%2C408&sr=8-6,2022-10-12
SK-II Facial Treatment Gentle Cleanser - 120ml,"
                    £77.00
                   ","
                      4.1 out of 5 stars
                     ","
                    66
                   ",https://www.amazon.com/SK-II-Cleanser-Facial-Treatment/dp/B00ANEU7HY/ref=sr_1_7?crid=2CAHDTR5AV0UH&keywords=skII&qid=1665564619&qu=eyJxc2MiOiIzLjYxIiwicXNhIjoiMi45NiIsInFzcCI6IjIuODAifQ%3D%3D&sprefix=skii%2Caps%2C408&sr=8-7,2022-10-12
SK-II - Facial Treatment Clear Lotion (230ml),"
                    £83.95
                   ","
                      4.4 out of 5 stars
                     ","
                    189
                   ",https://www.amazon.com/SK-II-Facial-Treatment-Clear-Lotion/dp/B06ZZYQXJG/ref=sr_1_8?crid=2CAHDTR5AV0UH&keywords=skII&qid=1665564619&qu=eyJxc2MiOiIzLjYxIiwicXNhIjoiMi45NiIsInFzcCI6IjIuODAifQ%3D%3D&sprefix=skii%2Caps%2C408&sr=8-8,2022-10-12
Facial Treatment Mask SKII 10 Pcs Treatment For Unisex,"
                    £116.68
                   ","
                      4.4 out of 5 stars
                     ","
                    203
                   ",https://www.amazon.com/Facial-Treatment-Mask-SKII-Unisex/dp/B00JDVP18S/ref=sr_1_9?crid=2CAHDTR5AV0UH&keywords=skII&qid=1665564619&qu=eyJxc2MiOiIzLjYxIiwicXNhIjoiMi45NiIsInFzcCI6IjIuODAifQ%3D%3D&sprefix=skii%2Caps%2C408&sr=8-9,2022-10-12
SK II Facial Treatment Essence 230ml,"
                    £177.21
                   ","
                      4.3 out of 5 stars
                     ","
                    526
                   ",https://www.amazon.com/SK-Facial-Treatment-Essence-230ml/dp/B01296JRMO/ref=sr_1_10?crid=2CAHDTR5AV0UH&keywords=skII&qid=1665564619&qu=eyJxc2MiOiIzLjYxIiwicXNhIjoiMi45NiIsInFzcCI6IjIuODAifQ%3D%3D&sprefix=skii%2Caps%2C408&sr=8-10,2022-10-12
SK-II R.N.A Power Radical New Age Eye Cream 0.5oz,"
                    £99.98
                   ","
                      4.0 out of 5 stars
                     ","
                    121
                   ",https://www.amazon.com/SK-II-Power-Radical-Cream-0-5oz/dp/B0716JS4KX/ref=sr_1_11?crid=2CAHDTR5AV0UH&keywords=skII&qid=1665564619&qu=eyJxc2MiOiIzLjYxIiwicXNhIjoiMi45NiIsInFzcCI6IjIuODAifQ%3D%3D&sprefix=skii%2Caps%2C408&sr=8-11,2022-10-12
DREAM PAIRS Womens Outdoor Snow Boots Ladies Winter Boot Waterproof Lightweight Warm Fashion Shoes,"
                    £34.99
                   ","
                      5.0 out of 5 stars
                     ","
                    1
                   ",https://www.amazon.com/DREAM-PAIRS-Waterproof-Lightweight-SDSB2213W/dp/B09ZLGYNR7/ref=sr_1_12?crid=2CAHDTR5AV0UH&keywords=skII&qid=1665564619&qu=eyJxc2MiOiIzLjYxIiwicXNhIjoiMi45NiIsInFzcCI6IjIuODAifQ%3D%3D&sprefix=skii%2Caps%2C408&sr=8-12,2022-10-12
"Morrisons Chocolate Mousse 6 Pots, 360 g","
                    £1.25
                   ","
                      4.4 out of 5 stars
                     ","
                    702
                   ",https://www.amazon.com/Morrisons-Chocolate-Mousse-60g-pots/dp/B01AWH2NJ6/ref=sr_1_13_f3_0o_morri?crid=2CAHDTR5AV0UH&keywords=skII&qid=1665564619&qu=eyJxc2MiOiIzLjYxIiwicXNhIjoiMi45NiIsInFzcCI6IjIuODAifQ%3D%3D&sprefix=skii%2Caps%2C408&sr=8-13,2022-10-12
"Paula's Choice Skin Perfecting 2% BHA Liquid Exfoliant - Face Exfoliating Peel Fights Blackheads, Breakouts & Enlarged Pores - with Salicylic Acid - Combination, Oily & Acne Prone Skin - 118 ml","
                    £33.00
                   ","
                      4.5 out of 5 stars
                     ","
                    13,124
                   ",https://www.amazon.com/Paulas-Choice-Perfecting-Liquid-Exfoliant/dp/B07PCSNFLP/ref=sr_1_14?crid=2CAHDTR5AV0UH&keywords=skII&qid=1665564619&qu=eyJxc2MiOiIzLjYxIiwicXNhIjoiMi45NiIsInFzcCI6IjIuODAifQ%3D%3D&sprefix=skii%2Caps%2C408&sr=8-14,2022-10-12
MEDIHEAL Official [Korea's No 1 Sheet Mask] - Collagen Essential Lifting & Firming Mask (5 Masks),"
                    £11.05
                   ","
                      4.6 out of 5 stars
                     ","
                    1,392
                   ",https://www.amazon.com/MEDIHEAL-Official-Koreas-Sheet-Mask/dp/B07T32XPCW/ref=sr_1_15?crid=2CAHDTR5AV0UH&keywords=skII&qid=1665564619&qu=eyJxc2MiOiIzLjYxIiwicXNhIjoiMi45NiIsInFzcCI6IjIuODAifQ%3D%3D&sprefix=skii%2Caps%2C408&sr=8-15,2022-10-12
"OutdoorMaster Ski Goggles PRO - Frameless, Interchangeable Lens 100% UV400 Protection Snow Goggles for Men & Women","
                    £37.99
                   ","
                      4.6 out of 5 stars
                     ","
                    7,834
                   ",https://www.amazon.com/OutdoorMaster-Ski-Goggles-PRO-Interchangeable/dp/B014XKTFI0/ref=sr_1_16?crid=2CAHDTR5AV0UH&keywords=skII&qid=1665564619&qu=eyJxc2MiOiIzLjYxIiwicXNhIjoiMi45NiIsInFzcCI6IjIuODAifQ%3D%3D&sprefix=skii%2Caps%2C408&sr=8-16,2022-10-12
Retinol Moisturizer for Face (120ml) – Anti Ageing Face Cream Reduces Scars Ance and Wrinkles with Hyaluronic Acid and Vitamin E,"
                    £18.88
                   ","
                      4.2 out of 5 stars
                     ","
                    7,345
                   ",https://www.amazon.com/2-5-Retinol-Moisturizer-Face-120ml/dp/B017XZVYMC/ref=sr_1_17?crid=2CAHDTR5AV0UH&keywords=skII&qid=1665564619&qu=eyJxc2MiOiIzLjYxIiwicXNhIjoiMi45NiIsInFzcCI6IjIuODAifQ%3D%3D&sprefix=skii%2Caps%2C408&sr=8-17,2022-10-12
Skinfood Facial Mask Rice Wash Off - 3.52 Oz,"
                    £13.00
                   ","
                      4.4 out of 5 stars
                     ","
                    127
                   ",https://www.amazon.com/Skin-food-Rice-Mask-Ounce/dp/B004FKNYWW/ref=sr_1_18?crid=2CAHDTR5AV0UH&keywords=skII&qid=1665564619&qu=eyJxc2MiOiIzLjYxIiwicXNhIjoiMi45NiIsInFzcCI6IjIuODAifQ%3D%3D&sprefix=skii%2Caps%2C408&sr=8-18,2022-10-12
Balaclava Ski Mask for Men Women Face Mask for Cold Weather Winter Windproof Outdoors in Winter Neck Warmer Multifunctional Sports Cold Weather Gear,"
                    £12.88
                   ","
                      4.1 out of 5 stars
                     ","
                    1,748
                   ",https://www.amazon.com/Balaclava-Windproof-Motorcycle-Multifunctional-Snowboard/dp/B0756RNPR8/ref=sr_1_19?crid=2CAHDTR5AV0UH&keywords=skII&qid=1665564619&qu=eyJxc2MiOiIzLjYxIiwicXNhIjoiMi45NiIsInFzcCI6IjIuODAifQ%3D%3D&sprefix=skii%2Caps%2C408&sr=8-19,2022-10-12
"SLOPE WARRIOR Cosmic Rider Merino Wool Alpine Performance Socks, for Men, Women, Shin Padding, Fast Drying, Warm, Knee High Thermal Socks for Ski, Snowboarding and Mountaineering","
                    £18.60
                   ","
                      4.1 out of 5 stars
                     ","
                    4
                   ",https://www.amazon.com/SLOPE-WARRIOR-Cosmic-Rider-High-Performance/dp/B07SX7RL28/ref=sr_1_20?crid=2CAHDTR5AV0UH&keywords=skII&qid=1665564619&qu=eyJxc2MiOiIzLjYxIiwicXNhIjoiMi45NiIsInFzcCI6IjIuODAifQ%3D%3D&sprefix=skii%2Caps%2C408&sr=8-20,2022-10-12
NORTIV 8 Men's 170410 Insulated Waterproof Construction Hiking Winter Snow Boots,"
                    £46.99
                   ","
                      4.4 out of 5 stars
                     ","
                    4,198
                   ",https://www.amazon.com/NORTIV-170410-Waterproof-Winter-Boots/dp/B07FS7B753/ref=sr_1_21?crid=2CAHDTR5AV0UH&keywords=skII&qid=1665564619&qu=eyJxc2MiOiIzLjYxIiwicXNhIjoiMi45NiIsInFzcCI6IjIuODAifQ%3D%3D&sprefix=skii%2Caps%2C408&sr=8-21,2022-10-12
"Snowledge Ski Snowboard Goggles with UV400 Protection, Skiing Snowboarding Goggles of Dual Lens with Anti Fog for Men, Women,Helmet Compatible","
                    £27.99
                   ","
                      4.5 out of 5 stars
                     ","
                    782
                   ",https://www.amazon.com/Snowledge-Snowboard-Goggles-Protection-Compatible/dp/B07GQN2PJ4/ref=sr_1_22?crid=2CAHDTR5AV0UH&keywords=skII&qid=1665564619&qu=eyJxc2MiOiIzLjYxIiwicXNhIjoiMi45NiIsInFzcCI6IjIuODAifQ%3D%3D&sprefix=skii%2Caps%2C408&sr=8-22,2022-10-12
"Merino Wool Ski Socks, Cold Weather Knee-High Thermal Socks for Winter, Snow, Snowboarding, Hiking","
                    £22.31
                   ","
                      4.7 out of 5 stars
                     ","
                    122
                   ",https://www.amazon.com/Merino-Weather-Knee-High-Thermal-Snowboarding/dp/B09M3HCSGS/ref=sr_1_23?crid=2CAHDTR5AV0UH&keywords=skII&qid=1665564619&qu=eyJxc2MiOiIzLjYxIiwicXNhIjoiMi45NiIsInFzcCI6IjIuODAifQ%3D%3D&sprefix=skii%2Caps%2C408&sr=8-23,2022-10-12
OutdoorMaster Ski Goggles PRO Replacement Lens,"
                    £27.99
                   ","
                      4.6 out of 5 stars
                     ","
                    2,372
                   ",https://www.amazon.com/OutdoorMaster-Ski-Goggles-Replacement-Lens/dp/B074JY1NHC/ref=sr_1_24?crid=2CAHDTR5AV0UH&keywords=skII&qid=1665564619&qu=eyJxc2MiOiIzLjYxIiwicXNhIjoiMi45NiIsInFzcCI6IjIuODAifQ%3D%3D&sprefix=skii%2Caps%2C408&sr=8-24,2022-10-12
"Merino Wool Socks High Performance Compression Ski Socks Mens and Women Thermal Knee High Socks, 2 Pairs","
                    £25.99
                   ","
                      4.4 out of 5 stars
                     ","
                    39
                   ",https://www.amazon.com/Merino-Performance-Compression-Socks-Thermal/dp/B09MD5RHY3/ref=sr_1_25?crid=2CAHDTR5AV0UH&keywords=skII&qid=1665564619&qu=eyJxc2MiOiIzLjYxIiwicXNhIjoiMi45NiIsInFzcCI6IjIuODAifQ%3D%3D&sprefix=skii%2Caps%2C408&sr=8-25,2022-10-12
DREAM PAIRS Women’s Waterproof Wellington Duck Rain Boots Outdoor Ankle Low Heel Snow Boots Ladies Originals Lace-up Winter Boots,"
                    £29.99
                   ","
                      5.0 out of 5 stars
                     ","
                    1
                   ",https://www.amazon.com/DREAM-PAIRS-Originals-Waterproof-SDSB2211W-1/dp/B09ZLGFH4D/ref=sr_1_26?crid=2CAHDTR5AV0UH&keywords=skII&qid=1665564619&qu=eyJxc2MiOiIzLjYxIiwicXNhIjoiMi45NiIsInFzcCI6IjIuODAifQ%3D%3D&sprefix=skii%2Caps%2C408&sr=8-26,2022-10-12
"RAYZOR Ski Goggles Snowboard Goggles For Men & Women – OTG Ski Mask with UV400 Protection – Anti-Fog and Shatterproof Skiing Goggles, Anti-Glare Protective Goggles for Men Women Boys & Girls","
                    £21.95
                   ","
                      4.5 out of 5 stars
                     ","
                    869
                   ",https://www.amazon.com/Rayzor-Protection-Comfortable-Shatterproof-Snowmobiles/dp/B002MQ6LTY/ref=sr_1_27?crid=2CAHDTR5AV0UH&keywords=skII&qid=1665564619&qu=eyJxc2MiOiIzLjYxIiwicXNhIjoiMi45NiIsInFzcCI6IjIuODAifQ%3D%3D&sprefix=skii%2Caps%2C408&sr=8-27,2022-10-12
5 Pairs Mens High Performance Thermal Ski Socks - Multicoloured - Mens UK Size 6-11 (EU 39-45),"
                    £11.95
                   ","
                      4.3 out of 5 stars
                     ","
                    363
                   ",https://www.amazon.com/SX167-6-11-Mens-Socks-Pack-6-11/dp/B08M3QKF95/ref=sr_1_28?crid=2CAHDTR5AV0UH&keywords=skII&qid=1665564619&qu=eyJxc2MiOiIzLjYxIiwicXNhIjoiMi45NiIsInFzcCI6IjIuODAifQ%3D%3D&sprefix=skii%2Caps%2C408&sr=8-28,2022-10-12
"SPOSUNE OTG Ski Goggles - Over Glasses Snow Snowboard Goggle with Anti fog Dual lens for Men Women Youth Kids Skiing Skating Snowmobile, Windproof UV400 Protection Winter Sports Protective Glasses","
                    £25.99
                   ","
                      4.6 out of 5 stars
                     ","
                    705
                   ",https://www.amazon.com/SPOSUNE-Protection-Spherical-Snowboard-Compatible/dp/B07WP2LSLR/ref=sr_1_29?crid=2CAHDTR5AV0UH&keywords=skII&qid=1665564619&qu=eyJxc2MiOiIzLjYxIiwicXNhIjoiMi45NiIsInFzcCI6IjIuODAifQ%3D%3D&sprefix=skii%2Caps%2C408&sr=8-29,2022-10-12
SAITAG Balaclava Ski Mask Warm Face Mask for Cold Weather Winter Skiing Snowboarding Motorcycling Ice Fishing Men,"
                    £17.59
                   ","
                      4.6 out of 5 stars
                     ","
                    364
                   ",https://www.amazon.com/SAITAG-Balaclava-Weather-Snowboarding-Motorcycling/dp/B09D2VX1F6/ref=sr_1_30?crid=2CAHDTR5AV0UH&keywords=skII&qid=1665564619&qu=eyJxc2MiOiIzLjYxIiwicXNhIjoiMi45NiIsInFzcCI6IjIuODAifQ%3D%3D&sprefix=skii%2Caps%2C408&sr=8-30,2022-10-12
"2 Pairs Men's Wool Socks, 80% Merino, Hiking Walking Thermal Athletic Socks for Winter Outdoor Recreation Trekking Climbing(UK M-L)","
                    £11.99
                   ","
                      4.4 out of 5 stars
                     ","
                    513
                   ",https://www.amazon.com/Walking-Athletic-Recreation-Trekking-Climbing/dp/B07XGK6VDJ/ref=sr_1_31?crid=2CAHDTR5AV0UH&keywords=skII&qid=1665564619&qu=eyJxc2MiOiIzLjYxIiwicXNhIjoiMi45NiIsInFzcCI6IjIuODAifQ%3D%3D&sprefix=skii%2Caps%2C408&sr=8-31,2022-10-12
"Mountain Warehouse Kids Ski Jacket & Trousers Set - Snowproof Ski Outfit, Front Pockets, Fleece Lined Skiwear, Integrated Snowskirt - Best for Winter Snowboarding","
                    £59.99
                   ","
                      4.6 out of 5 stars
                     ","
                    1,423
                   ",https://www.amazon.com/Mountain-Warehouse-Kids-Jacket-Trousers/dp/B08SKQJ5R6/ref=sr_1_32?crid=2CAHDTR5AV0UH&keywords=skII&qid=1665564619&qu=eyJxc2MiOiIzLjYxIiwicXNhIjoiMi45NiIsInFzcCI6IjIuODAifQ%3D%3D&sprefix=skii%2Caps%2C408&sr=8-32,2022-10-12
"DANISH ENDURANCE Merino Wool Performance Ski Socks, Shin Padding, for Men, Women, Kids, 1 Pack","
                      £26.95
                     ","
                        4.4 out of 5 stars
                       ","
                      3,455
                     ",https://www.amazon.com/sspa/click?ie=UTF8&spc=MTo3ODAxMjgwNjY5Njk1NjU4OjE2NjU1NjQ2MTk6c3BfbXRmOjIwMDcwNDgxMjAzMTA4OjowOjo&sp_csd=d2lkZ2V0TmFtZT1zcF9tdGY&url=%2FDANISH-ENDURANCE-Alpine-Performance-Yellow%2Fdp%2FB07G4BYKTC%2Fref%3Dsr_1_33_sspa%3Fcrid%3D2CAHDTR5AV0UH%26keywords%3DskII%26qid%3D1665564619%26qu%3DeyJxc2MiOiIzLjYxIiwicXNhIjoiMi45NiIsInFzcCI6IjIuODAifQ%253D%253D%26sprefix%3Dskii%252Caps%252C408%26sr%3D8-33-spons%26psc%3D1,2022-10-12
AKSIUM ACCESS,"
                      £38.96
                     ","
                        4.5 out of 5 stars
                       ","
                      656
                     ",https://www.amazon.com/sspa/click?ie=UTF8&spc=MTo3ODAxMjgwNjY5Njk1NjU4OjE2NjU1NjQ2MTk6c3BfbXRmOjIwMDgxNTY2OTkzNTk4OjowOjo&sp_csd=d2lkZ2V0TmFtZT1zcF9tdGY&url=%2FSalomon-Aksium-Goggles-Universal-L40846100%2Fdp%2FB07WKN59J7%2Fref%3Dsr_1_34_sspa%3Fcrid%3D2CAHDTR5AV0UH%26keywords%3DskII%26qid%3D1665564619%26qu%3DeyJxc2MiOiIzLjYxIiwicXNhIjoiMi45NiIsInFzcCI6IjIuODAifQ%253D%253D%26sprefix%3Dskii%252Caps%252C408%26sr%3D8-34-spons%26psc%3D1,2022-10-12
"JVR Blackhead Remover Mask for Men, Bamboo Charcoal Peel Off Black Mask, Purifying & Deep Cleansing for All Skin Types 120g","
                      £9.99
                     ","
                        4.0 out of 5 stars
                       ","
                      504
                     ",https://www.amazon.com/sspa/click?ie=UTF8&spc=MTo3ODAxMjgwNjY5Njk1NjU4OjE2NjU1NjQ2MTk6c3BfbXRmOjIwMDc2NTczMzAyMzk4OjowOjo&sp_csd=d2lkZ2V0TmFtZT1zcF9tdGY&url=%2FJVR-Blackhead-Charcoal-Purifying-Cleansing%2Fdp%2FB087JBPNT5%2Fref%3Dsr_1_35_sspa%3Fcrid%3D2CAHDTR5AV0UH%26keywords%3DskII%26qid%3D1665564619%26qu%3DeyJxc2MiOiIzLjYxIiwicXNhIjoiMi45NiIsInFzcCI6IjIuODAifQ%253D%253D%26sprefix%3Dskii%252Caps%252C408%26sr%3D8-35-spons%26psc%3D1,2022-10-12
REN Clean Skincare Supersize Overnight Recovery Balm 50ml,"
                      £49.00
                     ",,"
                     (£98.00/100 ml)
                    ",https://www.amazon.com/sspa/click?ie=UTF8&spc=MTo3ODAxMjgwNjY5Njk1NjU4OjE2NjU1NjQ2MTk6c3BfbXRmOjIwMDY4Mjg2NjY1ODk4OjowOjo&sp_csd=d2lkZ2V0TmFtZT1zcF9tdGY&url=%2FREN-Clean-Skincare-Supersize-Overnight%2Fdp%2FB09NQFPQ4N%2Fref%3Dsr_1_36_sspa%3Fcrid%3D2CAHDTR5AV0UH%26keywords%3DskII%26qid%3D1665564619%26qu%3DeyJxc2MiOiIzLjYxIiwicXNhIjoiMi45NiIsInFzcCI6IjIuODAifQ%253D%253D%26smid%3DA3P5ROKL5A1OLE%26sprefix%3Dskii%252Caps%252C408%26sr%3D8-36-spons%26psc%3D1,2022-10-12
Blulu Ski Mask Winter Balaclava Ski Mask Warm Full Face Ski Mask Thermal Men Ski Mask 3 Hole Knit Face Mask for Outdoor Sports,"
                    £7.59
                   ","
                      3.9 out of 5 stars
                     ","
                    92
                   ",https://www.amazon.com/Winter-Balaclava-Thermal-3-Hole-Outdoor/dp/B09J16SXYJ/ref=sr_1_37?crid=2CAHDTR5AV0UH&keywords=skII&qid=1665564619&qu=eyJxc2MiOiIzLjYxIiwicXNhIjoiMi45NiIsInFzcCI6IjIuODAifQ%3D%3D&sprefix=skii%2Caps%2C408&sr=8-37,2022-10-12
"coskefy Thermal Gloves, -20℉ Coldproof Touchscreen Ski Gloves Waterproof Winter Gloves 3M Thinsulate Snow Gloves for Walking Snowboarding Hiking Outdoor","
                    £11.04
                   ","
                      4.5 out of 5 stars
                     ","
                    1,967
                   ",https://www.amazon.com/coskefy-Thermal-Thinsulate-Touchscreen-Snowboarding/dp/B07HGQMK4H/ref=sr_1_38?crid=2CAHDTR5AV0UH&keywords=skII&qid=1665564619&qu=eyJxc2MiOiIzLjYxIiwicXNhIjoiMi45NiIsInFzcCI6IjIuODAifQ%3D%3D&smid=A3PNIR7C4EEUQS&sprefix=skii%2Caps%2C408&sr=8-38,2022-10-12
BODY ARMOUR CE MOTORBIKE/MOTORCYCLE/MOTOCROSS SKIING SKATING SNOW BOARD IMPACT PADDED SPINE GUARD PROTECTIVE SUIT (M),"
                    £49.99
                   ","
                      3.5 out of 5 stars
                     ","
                    8
                   ",https://www.amazon.com/ARMOUR-MOTORBIKE-MOTORCYCLE-MOTOCROSS-PROTECTIVE/dp/B07DCFMPB3/ref=sr_1_39?crid=2CAHDTR5AV0UH&keywords=skII&qid=1665564619&qu=eyJxc2MiOiIzLjYxIiwicXNhIjoiMi45NiIsInFzcCI6IjIuODAifQ%3D%3D&sprefix=skii%2Caps%2C408&sr=8-39,2022-10-12
4 Pairs of Mens High Performance Thermal Ski Socks-Assorted-UK 6 - 11 ( Eur 39 - 45 ),"
                    £12.95
                   ","
                      4.5 out of 5 stars
                     ","
                    4,028
                   ",https://www.amazon.com/Pairs-Mens-Performance-Thermal-Socks-Assorted-UK/dp/B01N59WFGI/ref=sr_1_40?crid=2CAHDTR5AV0UH&keywords=skII&qid=1665564619&qu=eyJxc2MiOiIzLjYxIiwicXNhIjoiMi45NiIsInFzcCI6IjIuODAifQ%3D%3D&sprefix=skii%2Caps%2C408&sr=8-40,2022-10-12
Sakkas Booker Cashmere Feel Solid Colored Unisex Winter Scarf With Fringe,"
                    £12.99
                   ","
                      4.4 out of 5 stars
                     ","
                    443
                   ",https://www.amazon.com/Sakkas-1590-Booker-Cashmere-Colored/dp/B07CP2KVM9/ref=sr_1_42?crid=2CAHDTR5AV0UH&keywords=skII&qid=1665564619&qu=eyJxc2MiOiIzLjYxIiwicXNhIjoiMi45NiIsInFzcCI6IjIuODAifQ%3D%3D&sprefix=skii%2Caps%2C408&sr=8-42,2022-10-12
"L'Oréal Paris Perfect Golden Age Re-Activating Essence, 125ml","
                    £16.99
                   ","
                      4.5 out of 5 stars
                     ","
                    631
                   ",https://www.amazon.com/LOr%C3%A9al-Perfect-Golden-Re-Activating-Essence/dp/B01AIPJ4A8/ref=sr_1_43?crid=2CAHDTR5AV0UH&keywords=skII&qid=1665564619&qu=eyJxc2MiOiIzLjYxIiwicXNhIjoiMi45NiIsInFzcCI6IjIuODAifQ%3D%3D&sprefix=skii%2Caps%2C408&sr=8-43,2022-10-12
donhobo Men's Fleece Jacket Winter Waterproof Warm Ski Jackets Windproof Coat With Zip Pockets Hood,"
                    £51.98
                   ","
                      4.4 out of 5 stars
                     ","
                    2,559
                   ",https://www.amazon.com/donhobo-Waterproof-Jackets-Windproof-Pockets/dp/B0787PLRXM/ref=sr_1_44?crid=2CAHDTR5AV0UH&keywords=skII&qid=1665564619&qu=eyJxc2MiOiIzLjYxIiwicXNhIjoiMi45NiIsInFzcCI6IjIuODAifQ%3D%3D&sprefix=skii%2Caps%2C408&sr=8-44,2022-10-12
Sock Stack 4 Pairs Of Mens Performance Ski Sock Long Thermal Heat Pro Winter Cushioned Arch Support Snowboard Socks With Full Terry Socks UK Size 6-11,"
                    £9.95
                   ","
                      4.2 out of 5 stars
                     ","
                    223
                   ",https://www.amazon.com/Sock-Stack-Performance-Cushioned-Snowboard/dp/B07YRXCDVJ/ref=sr_1_45?crid=2CAHDTR5AV0UH&keywords=skII&qid=1665564619&qu=eyJxc2MiOiIzLjYxIiwicXNhIjoiMi45NiIsInFzcCI6IjIuODAifQ%3D%3D&sprefix=skii%2Caps%2C408&sr=8-45,2022-10-12
DREAM PAIRS Boys Girls Faux Fur Lined Winter Snow Boots (Toddler/Little Kid/Big Kid) Shorty-K,"
                    £29.99
                   ","
                      4.6 out of 5 stars
                     ","
                    6,149
                   ",https://www.amazon.com/Dream-Shorty-K-Chesnut-Sheepskin-Winter/dp/B07MZSY43Q/ref=sr_1_46?crid=2CAHDTR5AV0UH&keywords=skII&qid=1665564619&qu=eyJxc2MiOiIzLjYxIiwicXNhIjoiMi45NiIsInFzcCI6IjIuODAifQ%3D%3D&sprefix=skii%2Caps%2C408&sr=8-46,2022-10-12
"SECRET KEY Starting Treatment Essence Rose Edition 5.07 fl.oz. (150ml) - 94% Galactonyces Fermented Filtrate & Rose Flower Water, Anti-Wrikle & Moisturizing First Step Skin Care Essence, Paraben Free","
                    £23.95
                   ","
                      4.6 out of 5 stars
                     ","
                    206
                   ",https://www.amazon.com/Secret-Key-Starting-Treatment-Essence_Rose/dp/B01HCH690S/ref=sr_1_47?crid=2CAHDTR5AV0UH&keywords=skII&qid=1665564619&qu=eyJxc2MiOiIzLjYxIiwicXNhIjoiMi45NiIsInFzcCI6IjIuODAifQ%3D%3D&sprefix=skii%2Caps%2C408&sr=8-47,2022-10-12
4 Pairs High Performance Ladies Ski Socks Long Hose Thermal Socks-Assorted-UK 4 - 7,"
                    £12.95
                   ","
                      4.5 out of 5 stars
                     ","
                    2,891
                   ",https://www.amazon.com/Pairs-Performance-Ladies-Thermal-Socks-Assorted-UK/dp/B01N5MCB4M/ref=sr_1_48?crid=2CAHDTR5AV0UH&keywords=skII&qid=1665564619&qu=eyJxc2MiOiIzLjYxIiwicXNhIjoiMi45NiIsInFzcCI6IjIuODAifQ%3D%3D&sprefix=skii%2Caps%2C408&sr=8-48,2022-10-12
"Odoland OTG Ski Goggles Set with Detachable Lens, Frameless Interchangeable Magnetic Lens for Skiing Skating Snowboard, Anti-Fog and UV400 Protection Snow Goggles for Men and Women","
                    £39.99
                   ","
                      4.6 out of 5 stars
                     ","
                    492
                   ",https://www.amazon.com/Odoland-Detachable-Interchangeable-Snowmobiles-Protection/dp/B08CGZMM1C/ref=sr_1_50?crid=2CAHDTR5AV0UH&keywords=skII&qid=1665564619&qu=eyJxc2MiOiIzLjYxIiwicXNhIjoiMi45NiIsInFzcCI6IjIuODAifQ%3D%3D&sprefix=skii%2Caps%2C408&sr=8-50,2022-10-12
"Winter Neck Warmer Neck Gaiter Ski Snood for Men with Thermal Fleece Waterproof Fabric, Face Covering Multifunction Headwear Elastic Tube Face Scarf Face Shield for Sports Cycling Skiing, Running","
                    £8.99
                   ","
                      4.4 out of 5 stars
                     ","
                    607
                   ",https://www.amazon.com/Thermal-Waterproof-Covering-Multifunction-Headwear/dp/B08P3JBG38/ref=sr_1_51?crid=2CAHDTR5AV0UH&keywords=skII&qid=1665564619&qu=eyJxc2MiOiIzLjYxIiwicXNhIjoiMi45NiIsInFzcCI6IjIuODAifQ%3D%3D&sprefix=skii%2Caps%2C408&sr=8-51,2022-10-12
"DANISH ENDURANCE Merino Wool Performance Ski Socks, Shin Padding, for Men, Women, Kids, 1 Pack","
                    £26.95
                   ","
                      4.4 out of 5 stars
                     ","
                    3,455
                   ",https://www.amazon.com/DANISH-ENDURANCE-Alpine-Performance-Socks/dp/B07HKB1RS2/ref=sr_1_52?crid=2CAHDTR5AV0UH&keywords=skII&qid=1665564619&qu=eyJxc2MiOiIzLjYxIiwicXNhIjoiMi45NiIsInFzcCI6IjIuODAifQ%3D%3D&sprefix=skii%2Caps%2C408&sr=8-52,2022-10-12
"findway Ski Goggles, Skiing Goggles For Snowboard Jet Snow, For Women Men Ladies Youth Teen OTG Over Helmet Compatible, Anti-fog 100% UV Protection, Anti-glare Ski Goggles, For Skiing Snowboarding","
                    £19.99
                   ","
                      4.5 out of 5 stars
                     ","
                    1,258
                   ",https://www.amazon.com/findway-Compatible-Protection-Anti-glare-Snowboarding/dp/B07MVWWZ3X/ref=sr_1_53?crid=2CAHDTR5AV0UH&keywords=skII&qid=1665564619&qu=eyJxc2MiOiIzLjYxIiwicXNhIjoiMi45NiIsInFzcCI6IjIuODAifQ%3D%3D&sprefix=skii%2Caps%2C408&sr=8-53,2022-10-12
"DANISH ENDURANCE Merino Wool Performance Ski Socks, Shin Padding, for Men, Women, Kids, 2 Pack","
                    £37.95
                   ","
                      4.5 out of 5 stars
                     ","
                    827
                   ",https://www.amazon.com/Alpine-Performance-Socks-packs-Multicolour/dp/B07XYZXYCS/ref=sr_1_54?crid=2CAHDTR5AV0UH&keywords=skII&qid=1665564619&qu=eyJxc2MiOiIzLjYxIiwicXNhIjoiMi45NiIsInFzcCI6IjIuODAifQ%3D%3D&sprefix=skii%2Caps%2C408&sr=8-54,2022-10-12
YEKEYI Women Balaclava Hood hat Winter Cashmere Knitted Beanie Hats Ski Mask Ski Cap Outdoor,"
                    £19.99
                   ","
                      3.9 out of 5 stars
                     ","
                    23
                   ",https://www.amazon.com/YEKEYI-Balaclava-Cashmere-Knitted-Outdoor/dp/B08MT6ZZ4F/ref=sr_1_55?crid=2CAHDTR5AV0UH&keywords=skII&qid=1665564619&qu=eyJxc2MiOiIzLjYxIiwicXNhIjoiMi45NiIsInFzcCI6IjIuODAifQ%3D%3D&sprefix=skii%2Caps%2C408&sr=8-55,2022-10-12
GG ST Balaclava Windproof Ski Mask Winter Thermal Fleece Hood Heavyweight Neck Warmer Snood Outdoor Sports Face Covers Hat For Men & Women,"
                    £13.99
                   ","
                      4.3 out of 5 stars
                     ","
                    2,607
                   ",https://www.amazon.com/GG-ST-Balaclava-Windproof-Heavyweight/dp/B07GNTHWN6/ref=sr_1_56?crid=2CAHDTR5AV0UH&keywords=skII&qid=1665564619&qu=eyJxc2MiOiIzLjYxIiwicXNhIjoiMi45NiIsInFzcCI6IjIuODAifQ%3D%3D&sprefix=skii%2Caps%2C408&sr=8-56,2022-10-12
donhobo Men's Fleece Jacket Winter Waterproof Warm Ski Jackets Windproof Coat With Zip Pockets Hood,"
                      £51.98
                     ","
                        4.4 out of 5 stars
                       ","
                      2,559
                     ",https://www.amazon.com/sspa/click?ie=UTF8&spc=MTo3ODAxMjgwNjY5Njk1NjU4OjE2NjU1NjQ2MTk6c3BfYnRmOjIwMDQzMDM2MDk2MjA2OjowOjo&sp_csd=d2lkZ2V0TmFtZT1zcF9idGY&url=%2Fdonhobo-Waterproof-Jackets-Windproof-Pockets%2Fdp%2FB0787PLRXM%2Fref%3Dsr_1_57_sspa%3Fcrid%3D2CAHDTR5AV0UH%26keywords%3DskII%26qid%3D1665564619%26qu%3DeyJxc2MiOiIzLjYxIiwicXNhIjoiMi45NiIsInFzcCI6IjIuODAifQ%253D%253D%26sprefix%3Dskii%252Caps%252C408%26sr%3D8-57-spons%26psc%3D1,2022-10-12
"NIVEA Cellular LUMINOUS 630 Anti-Dark Spot Advanced Treatment Serum (30ml), Face Serum for Women, Facial Serum For Luminous Skin","
                      £10.00
                     ","
                        4.3 out of 5 stars
                       ","
                      520
                     ",https://www.amazon.com/sspa/click?ie=UTF8&spc=MTo3ODAxMjgwNjY5Njk1NjU4OjE2NjU1NjQ2MTk6c3BfYnRmOjIwMDI3OTMzOTI2ODk4OjowOjo&sp_csd=d2lkZ2V0TmFtZT1zcF9idGY&url=%2FNIVEA-Cellular-LUMINOUS-Anti-Dark-Treatment%2Fdp%2FB096R4DM7Y%2Fref%3Dsr_1_58_sspa%3Fcrid%3D2CAHDTR5AV0UH%26keywords%3DskII%26qid%3D1665564619%26qu%3DeyJxc2MiOiIzLjYxIiwicXNhIjoiMi45NiIsInFzcCI6IjIuODAifQ%253D%253D%26smid%3DA3P5ROKL5A1OLE%26sprefix%3Dskii%252Caps%252C408%26sr%3D8-58-spons%26psc%3D1,2022-10-12
"RAYZOR Ski Goggles Snowboard Goggles For Men & Women – OTG Ski Mask with UV400 Protection – Anti-Fog and Shatterproof Skiing Goggles, Anti-Glare Protective Goggles for Men Women Boys & Girls","
                      £21.95
                     ","
                        4.5 out of 5 stars
                       ","
                      869
                     ",https://www.amazon.com/sspa/click?ie=UTF8&spc=MTo3ODAxMjgwNjY5Njk1NjU4OjE2NjU1NjQ2MTk6c3BfYXRmOjIwMDE2NTI2MzAyMzk4OjowOjo&sp_csd=d2lkZ2V0TmFtZT1zcF9hdGY&url=%2FRayzor-Protection-Comfortable-Shatterproof-Snowmobiles%2Fdp%2FB002MQ6LTY%2Fref%3Dsr_1_1_sspa%3Fcrid%3D2CAHDTR5AV0UH%26keywords%3DskII%26qid%3D1665564619%26qu%3DeyJxc2MiOiIzLjYxIiwicXNhIjoiMi45NiIsInFzcCI6IjIuODAifQ%253D%253D%26sprefix%3Dskii%252Caps%252C408%26sr%3D8-1-spons%26psc%3D1,2022-10-12
Handle Double Shoulder Strap Easily 2Pcs Activities Fixing Fixing Belt Skis Strap Power Training Convenient for Family Skiing Activities,"
                      £10.49
                     ",,,https://www.amazon.com/sspa/click?ie=UTF8&spc=MTo3ODAxMjgwNjY5Njk1NjU4OjE2NjU1NjQ2MTk6c3BfYXRmOjIwMDcxMjg1MDcwMjk4OjowOjo&sp_csd=d2lkZ2V0TmFtZT1zcF9hdGY&url=%2FHandle-Shoulder-Activities-Training-Convenient%2Fdp%2FB09285W6B1%2Fref%3Dsr_1_2_sspa%3Fcrid%3D2CAHDTR5AV0UH%26keywords%3DskII%26qid%3D1665564619%26qu%3DeyJxc2MiOiIzLjYxIiwicXNhIjoiMi45NiIsInFzcCI6IjIuODAifQ%253D%253D%26sprefix%3Dskii%252Caps%252C408%26sr%3D8-2-spons%26psc%3D1,2022-10-12
IMIKEYA 6pcs Ski Straps Adjustable Ski Wraps Ties Ski Board Carrier Fastener Tape Colorful Tape Strap Band for Outdoor Skiing,"
                      £13.29
                     ",,,https://www.amazon.com/sspa/click?ie=UTF8&spc=MTo3ODAxMjgwNjY5Njk1NjU4OjE2NjU1NjQ2MTk6c3BfYXRmOjIwMDU5ODYxMzgwNjAxOjowOjo&sp_csd=d2lkZ2V0TmFtZT1zcF9hdGY&url=%2FIMIKEYA-Adjustable-Carrier-Fastener-Colorful%2Fdp%2FB08YQRQ6B7%2Fref%3Dsr_1_3_sspa%3Fcrid%3D2CAHDTR5AV0UH%26keywords%3DskII%26qid%3D1665564619%26qu%3DeyJxc2MiOiIzLjYxIiwicXNhIjoiMi45NiIsInFzcCI6IjIuODAifQ%253D%253D%26sprefix%3Dskii%252Caps%252C408%26sr%3D8-3-spons%26psc%3D1,2022-10-12
"Pinsofy Ski Shoulder Carrier, Power Training Portable Ski and Pole Carrier Strap, Adjustable 43.3in Skiing Skiers Pole for Fixing Ski","
                      £10.18
                     ",,,https://www.amazon.com/sspa/click?ie=UTF8&spc=MTo3ODAxMjgwNjY5Njk1NjU4OjE2NjU1NjQ2MTk6c3BfYXRmOjIwMDQ2NTYyNDczMjAyOjowOjo&sp_csd=d2lkZ2V0TmFtZT1zcF9hdGY&url=%2FPinsofy-Shoulder-Training-Portable-Adjustable%2Fdp%2FB08P93CBQV%2Fref%3Dsr_1_4_sspa%3Fcrid%3D2CAHDTR5AV0UH%26keywords%3DskII%26qid%3D1665564619%26qu%3DeyJxc2MiOiIzLjYxIiwicXNhIjoiMi45NiIsInFzcCI6IjIuODAifQ%253D%253D%26sprefix%3Dskii%252Caps%252C408%26sr%3D8-4-spons%26psc%3D1,2022-10-12
SK-II Facial Treatment Essence Pitera 7.7oz,"
                    £212.00
                   ","
                      4.4 out of 5 stars
                     ","
                    237
                   ",https://www.amazon.com/SK-II-Facial-Treatment-Essence-Pitera/dp/B01M599DYT/ref=sr_1_5?crid=2CAHDTR5AV0UH&keywords=skII&qid=1665564619&qu=eyJxc2MiOiIzLjYxIiwicXNhIjoiMi45NiIsInFzcCI6IjIuODAifQ%3D%3D&sprefix=skii%2Caps%2C408&sr=8-5,2022-10-12
SK-II GENOPTICS Aura Essence 50ml 2016,"
                    £174.95
                   ","
                      4.1 out of 5 stars
                     ","
                    76
                   ",https://www.amazon.com/SK-II-GENOPTICS-AURA-ESSENCE-50ml/dp/B01BF1SC6Q/ref=sr_1_6?crid=2CAHDTR5AV0UH&keywords=skII&qid=1665564619&qu=eyJxc2MiOiIzLjYxIiwicXNhIjoiMi45NiIsInFzcCI6IjIuODAifQ%3D%3D&sprefix=skii%2Caps%2C408&sr=8-6,2022-10-12
SK-II Facial Treatment Gentle Cleanser - 120ml,"
                    £77.00
                   ","
                      4.1 out of 5 stars
                     ","
                    66
                   ",https://www.amazon.com/SK-II-Cleanser-Facial-Treatment/dp/B00ANEU7HY/ref=sr_1_7?crid=2CAHDTR5AV0UH&keywords=skII&qid=1665564619&qu=eyJxc2MiOiIzLjYxIiwicXNhIjoiMi45NiIsInFzcCI6IjIuODAifQ%3D%3D&sprefix=skii%2Caps%2C408&sr=8-7,2022-10-12
SK-II - Facial Treatment Clear Lotion (230ml),"
                    £83.95
                   ","
                      4.4 out of 5 stars
                     ","
                    189
                   ",https://www.amazon.com/SK-II-Facial-Treatment-Clear-Lotion/dp/B06ZZYQXJG/ref=sr_1_8?crid=2CAHDTR5AV0UH&keywords=skII&qid=1665564619&qu=eyJxc2MiOiIzLjYxIiwicXNhIjoiMi45NiIsInFzcCI6IjIuODAifQ%3D%3D&sprefix=skii%2Caps%2C408&sr=8-8,2022-10-12
Facial Treatment Mask SKII 10 Pcs Treatment For Unisex,"
                    £116.68
                   ","
                      4.4 out of 5 stars
                     ","
                    203
                   ",https://www.amazon.com/Facial-Treatment-Mask-SKII-Unisex/dp/B00JDVP18S/ref=sr_1_9?crid=2CAHDTR5AV0UH&keywords=skII&qid=1665564619&qu=eyJxc2MiOiIzLjYxIiwicXNhIjoiMi45NiIsInFzcCI6IjIuODAifQ%3D%3D&sprefix=skii%2Caps%2C408&sr=8-9,2022-10-12
SK II Facial Treatment Essence 230ml,"
                    £177.21
                   ","
                      4.3 out of 5 stars
                     ","
                    526
                   ",https://www.amazon.com/SK-Facial-Treatment-Essence-230ml/dp/B01296JRMO/ref=sr_1_10?crid=2CAHDTR5AV0UH&keywords=skII&qid=1665564619&qu=eyJxc2MiOiIzLjYxIiwicXNhIjoiMi45NiIsInFzcCI6IjIuODAifQ%3D%3D&sprefix=skii%2Caps%2C408&sr=8-10,2022-10-12
SK-II R.N.A Power Radical New Age Eye Cream 0.5oz,"
                    £99.98
                   ","
                      4.0 out of 5 stars
                     ","
                    121
                   ",https://www.amazon.com/SK-II-Power-Radical-Cream-0-5oz/dp/B0716JS4KX/ref=sr_1_11?crid=2CAHDTR5AV0UH&keywords=skII&qid=1665564619&qu=eyJxc2MiOiIzLjYxIiwicXNhIjoiMi45NiIsInFzcCI6IjIuODAifQ%3D%3D&sprefix=skii%2Caps%2C408&sr=8-11,2022-10-12
DREAM PAIRS Womens Outdoor Snow Boots Ladies Winter Boot Waterproof Lightweight Warm Fashion Shoes,"
                    £34.99
                   ","
                      5.0 out of 5 stars
                     ","
                    1
                   ",https://www.amazon.com/DREAM-PAIRS-Waterproof-Lightweight-SDSB2213W/dp/B09ZLGYNR7/ref=sr_1_12?crid=2CAHDTR5AV0UH&keywords=skII&qid=1665564619&qu=eyJxc2MiOiIzLjYxIiwicXNhIjoiMi45NiIsInFzcCI6IjIuODAifQ%3D%3D&sprefix=skii%2Caps%2C408&sr=8-12,2022-10-12
"Morrisons Chocolate Mousse 6 Pots, 360 g","
                    £1.25
                   ","
                      4.4 out of 5 stars
                     ","
                    702
                   ",https://www.amazon.com/Morrisons-Chocolate-Mousse-60g-pots/dp/B01AWH2NJ6/ref=sr_1_13_f3_0o_morri?crid=2CAHDTR5AV0UH&keywords=skII&qid=1665564619&qu=eyJxc2MiOiIzLjYxIiwicXNhIjoiMi45NiIsInFzcCI6IjIuODAifQ%3D%3D&sprefix=skii%2Caps%2C408&sr=8-13,2022-10-12
"Paula's Choice Skin Perfecting 2% BHA Liquid Exfoliant - Face Exfoliating Peel Fights Blackheads, Breakouts & Enlarged Pores - with Salicylic Acid - Combination, Oily & Acne Prone Skin - 118 ml","
                    £33.00
                   ","
                      4.5 out of 5 stars
                     ","
                    13,124
                   ",https://www.amazon.com/Paulas-Choice-Perfecting-Liquid-Exfoliant/dp/B07PCSNFLP/ref=sr_1_14?crid=2CAHDTR5AV0UH&keywords=skII&qid=1665564619&qu=eyJxc2MiOiIzLjYxIiwicXNhIjoiMi45NiIsInFzcCI6IjIuODAifQ%3D%3D&sprefix=skii%2Caps%2C408&sr=8-14,2022-10-12
MEDIHEAL Official [Korea's No 1 Sheet Mask] - Collagen Essential Lifting & Firming Mask (5 Masks),"
                    £11.05
                   ","
                      4.6 out of 5 stars
                     ","
                    1,392
                   ",https://www.amazon.com/MEDIHEAL-Official-Koreas-Sheet-Mask/dp/B07T32XPCW/ref=sr_1_15?crid=2CAHDTR5AV0UH&keywords=skII&qid=1665564619&qu=eyJxc2MiOiIzLjYxIiwicXNhIjoiMi45NiIsInFzcCI6IjIuODAifQ%3D%3D&sprefix=skii%2Caps%2C408&sr=8-15,2022-10-12
"OutdoorMaster Ski Goggles PRO - Frameless, Interchangeable Lens 100% UV400 Protection Snow Goggles for Men & Women","
                    £37.99
                   ","
                      4.6 out of 5 stars
                     ","
                    7,834
                   ",https://www.amazon.com/OutdoorMaster-Ski-Goggles-PRO-Interchangeable/dp/B014XKTFI0/ref=sr_1_16?crid=2CAHDTR5AV0UH&keywords=skII&qid=1665564619&qu=eyJxc2MiOiIzLjYxIiwicXNhIjoiMi45NiIsInFzcCI6IjIuODAifQ%3D%3D&sprefix=skii%2Caps%2C408&sr=8-16,2022-10-12
Retinol Moisturizer for Face (120ml) – Anti Ageing Face Cream Reduces Scars Ance and Wrinkles with Hyaluronic Acid and Vitamin E,"
                    £18.88
                   ","
                      4.2 out of 5 stars
                     ","
                    7,345
                   ",https://www.amazon.com/2-5-Retinol-Moisturizer-Face-120ml/dp/B017XZVYMC/ref=sr_1_17?crid=2CAHDTR5AV0UH&keywords=skII&qid=1665564619&qu=eyJxc2MiOiIzLjYxIiwicXNhIjoiMi45NiIsInFzcCI6IjIuODAifQ%3D%3D&sprefix=skii%2Caps%2C408&sr=8-17,2022-10-12
Skinfood Facial Mask Rice Wash Off - 3.52 Oz,"
                    £13.00
                   ","
                      4.4 out of 5 stars
                     ","
                    127
                   ",https://www.amazon.com/Skin-food-Rice-Mask-Ounce/dp/B004FKNYWW/ref=sr_1_18?crid=2CAHDTR5AV0UH&keywords=skII&qid=1665564619&qu=eyJxc2MiOiIzLjYxIiwicXNhIjoiMi45NiIsInFzcCI6IjIuODAifQ%3D%3D&sprefix=skii%2Caps%2C408&sr=8-18,2022-10-12
Balaclava Ski Mask for Men Women Face Mask for Cold Weather Winter Windproof Outdoors in Winter Neck Warmer Multifunctional Sports Cold Weather Gear,"
                    £12.88
                   ","
                      4.1 out of 5 stars
                     ","
                    1,748
                   ",https://www.amazon.com/Balaclava-Windproof-Motorcycle-Multifunctional-Snowboard/dp/B0756RNPR8/ref=sr_1_19?crid=2CAHDTR5AV0UH&keywords=skII&qid=1665564619&qu=eyJxc2MiOiIzLjYxIiwicXNhIjoiMi45NiIsInFzcCI6IjIuODAifQ%3D%3D&sprefix=skii%2Caps%2C408&sr=8-19,2022-10-12
"SLOPE WARRIOR Cosmic Rider Merino Wool Alpine Performance Socks, for Men, Women, Shin Padding, Fast Drying, Warm, Knee High Thermal Socks for Ski, Snowboarding and Mountaineering","
                    £18.60
                   ","
                      4.1 out of 5 stars
                     ","
                    4
                   ",https://www.amazon.com/SLOPE-WARRIOR-Cosmic-Rider-High-Performance/dp/B07SX7RL28/ref=sr_1_20?crid=2CAHDTR5AV0UH&keywords=skII&qid=1665564619&qu=eyJxc2MiOiIzLjYxIiwicXNhIjoiMi45NiIsInFzcCI6IjIuODAifQ%3D%3D&sprefix=skii%2Caps%2C408&sr=8-20,2022-10-12
NORTIV 8 Men's 170410 Insulated Waterproof Construction Hiking Winter Snow Boots,"
                    £46.99
                   ","
                      4.4 out of 5 stars
                     ","
                    4,198
                   ",https://www.amazon.com/NORTIV-170410-Waterproof-Winter-Boots/dp/B07FS7B753/ref=sr_1_21?crid=2CAHDTR5AV0UH&keywords=skII&qid=1665564619&qu=eyJxc2MiOiIzLjYxIiwicXNhIjoiMi45NiIsInFzcCI6IjIuODAifQ%3D%3D&sprefix=skii%2Caps%2C408&sr=8-21,2022-10-12
"Snowledge Ski Snowboard Goggles with UV400 Protection, Skiing Snowboarding Goggles of Dual Lens with Anti Fog for Men, Women,Helmet Compatible","
                    £27.99
                   ","
                      4.5 out of 5 stars
                     ","
                    782
                   ",https://www.amazon.com/Snowledge-Snowboard-Goggles-Protection-Compatible/dp/B07GQN2PJ4/ref=sr_1_22?crid=2CAHDTR5AV0UH&keywords=skII&qid=1665564619&qu=eyJxc2MiOiIzLjYxIiwicXNhIjoiMi45NiIsInFzcCI6IjIuODAifQ%3D%3D&sprefix=skii%2Caps%2C408&sr=8-22,2022-10-12
"Merino Wool Ski Socks, Cold Weather Knee-High Thermal Socks for Winter, Snow, Snowboarding, Hiking","
                    £22.31
                   ","
                      4.7 out of 5 stars
                     ","
                    122
                   ",https://www.amazon.com/Merino-Weather-Knee-High-Thermal-Snowboarding/dp/B09M3HCSGS/ref=sr_1_23?crid=2CAHDTR5AV0UH&keywords=skII&qid=1665564619&qu=eyJxc2MiOiIzLjYxIiwicXNhIjoiMi45NiIsInFzcCI6IjIuODAifQ%3D%3D&sprefix=skii%2Caps%2C408&sr=8-23,2022-10-12
OutdoorMaster Ski Goggles PRO Replacement Lens,"
                    £27.99
                   ","
                      4.6 out of 5 stars
                     ","
                    2,372
                   ",https://www.amazon.com/OutdoorMaster-Ski-Goggles-Replacement-Lens/dp/B074JY1NHC/ref=sr_1_24?crid=2CAHDTR5AV0UH&keywords=skII&qid=1665564619&qu=eyJxc2MiOiIzLjYxIiwicXNhIjoiMi45NiIsInFzcCI6IjIuODAifQ%3D%3D&sprefix=skii%2Caps%2C408&sr=8-24,2022-10-12
"Merino Wool Socks High Performance Compression Ski Socks Mens and Women Thermal Knee High Socks, 2 Pairs","
                    £25.99
                   ","
                      4.4 out of 5 stars
                     ","
                    39
                   ",https://www.amazon.com/Merino-Performance-Compression-Socks-Thermal/dp/B09MD5RHY3/ref=sr_1_25?crid=2CAHDTR5AV0UH&keywords=skII&qid=1665564619&qu=eyJxc2MiOiIzLjYxIiwicXNhIjoiMi45NiIsInFzcCI6IjIuODAifQ%3D%3D&sprefix=skii%2Caps%2C408&sr=8-25,2022-10-12
DREAM PAIRS Women’s Waterproof Wellington Duck Rain Boots Outdoor Ankle Low Heel Snow Boots Ladies Originals Lace-up Winter Boots,"
                    £29.99
                   ","
                      5.0 out of 5 stars
                     ","
                    1
                   ",https://www.amazon.com/DREAM-PAIRS-Originals-Waterproof-SDSB2211W-1/dp/B09ZLGFH4D/ref=sr_1_26?crid=2CAHDTR5AV0UH&keywords=skII&qid=1665564619&qu=eyJxc2MiOiIzLjYxIiwicXNhIjoiMi45NiIsInFzcCI6IjIuODAifQ%3D%3D&sprefix=skii%2Caps%2C408&sr=8-26,2022-10-12
"RAYZOR Ski Goggles Snowboard Goggles For Men & Women – OTG Ski Mask with UV400 Protection – Anti-Fog and Shatterproof Skiing Goggles, Anti-Glare Protective Goggles for Men Women Boys & Girls","
                    £21.95
                   ","
                      4.5 out of 5 stars
                     ","
                    869
                   ",https://www.amazon.com/Rayzor-Protection-Comfortable-Shatterproof-Snowmobiles/dp/B002MQ6LTY/ref=sr_1_27?crid=2CAHDTR5AV0UH&keywords=skII&qid=1665564619&qu=eyJxc2MiOiIzLjYxIiwicXNhIjoiMi45NiIsInFzcCI6IjIuODAifQ%3D%3D&sprefix=skii%2Caps%2C408&sr=8-27,2022-10-12
5 Pairs Mens High Performance Thermal Ski Socks - Multicoloured - Mens UK Size 6-11 (EU 39-45),"
                    £11.95
                   ","
                      4.3 out of 5 stars
                     ","
                    363
                   ",https://www.amazon.com/SX167-6-11-Mens-Socks-Pack-6-11/dp/B08M3QKF95/ref=sr_1_28?crid=2CAHDTR5AV0UH&keywords=skII&qid=1665564619&qu=eyJxc2MiOiIzLjYxIiwicXNhIjoiMi45NiIsInFzcCI6IjIuODAifQ%3D%3D&sprefix=skii%2Caps%2C408&sr=8-28,2022-10-12
"SPOSUNE OTG Ski Goggles - Over Glasses Snow Snowboard Goggle with Anti fog Dual lens for Men Women Youth Kids Skiing Skating Snowmobile, Windproof UV400 Protection Winter Sports Protective Glasses","
                    £25.99
                   ","
                      4.6 out of 5 stars
                     ","
                    705
                   ",https://www.amazon.com/SPOSUNE-Protection-Spherical-Snowboard-Compatible/dp/B07WP2LSLR/ref=sr_1_29?crid=2CAHDTR5AV0UH&keywords=skII&qid=1665564619&qu=eyJxc2MiOiIzLjYxIiwicXNhIjoiMi45NiIsInFzcCI6IjIuODAifQ%3D%3D&sprefix=skii%2Caps%2C408&sr=8-29,2022-10-12
SAITAG Balaclava Ski Mask Warm Face Mask for Cold Weather Winter Skiing Snowboarding Motorcycling Ice Fishing Men,"
                    £17.59
                   ","
                      4.6 out of 5 stars
                     ","
                    364
                   ",https://www.amazon.com/SAITAG-Balaclava-Weather-Snowboarding-Motorcycling/dp/B09D2VX1F6/ref=sr_1_30?crid=2CAHDTR5AV0UH&keywords=skII&qid=1665564619&qu=eyJxc2MiOiIzLjYxIiwicXNhIjoiMi45NiIsInFzcCI6IjIuODAifQ%3D%3D&sprefix=skii%2Caps%2C408&sr=8-30,2022-10-12
"2 Pairs Men's Wool Socks, 80% Merino, Hiking Walking Thermal Athletic Socks for Winter Outdoor Recreation Trekking Climbing(UK M-L)","
                    £11.99
                   ","
                      4.4 out of 5 stars
                     ","
                    513
                   ",https://www.amazon.com/Walking-Athletic-Recreation-Trekking-Climbing/dp/B07XGK6VDJ/ref=sr_1_31?crid=2CAHDTR5AV0UH&keywords=skII&qid=1665564619&qu=eyJxc2MiOiIzLjYxIiwicXNhIjoiMi45NiIsInFzcCI6IjIuODAifQ%3D%3D&sprefix=skii%2Caps%2C408&sr=8-31,2022-10-12
"Mountain Warehouse Kids Ski Jacket & Trousers Set - Snowproof Ski Outfit, Front Pockets, Fleece Lined Skiwear, Integrated Snowskirt - Best for Winter Snowboarding","
                    £59.99
                   ","
                      4.6 out of 5 stars
                     ","
                    1,423
                   ",https://www.amazon.com/Mountain-Warehouse-Kids-Jacket-Trousers/dp/B08SKQJ5R6/ref=sr_1_32?crid=2CAHDTR5AV0UH&keywords=skII&qid=1665564619&qu=eyJxc2MiOiIzLjYxIiwicXNhIjoiMi45NiIsInFzcCI6IjIuODAifQ%3D%3D&sprefix=skii%2Caps%2C408&sr=8-32,2022-10-12
"DANISH ENDURANCE Merino Wool Performance Ski Socks, Shin Padding, for Men, Women, Kids, 1 Pack","
                      £26.95
                     ","
                        4.4 out of 5 stars
                       ","
                      3,455
                     ",https://www.amazon.com/sspa/click?ie=UTF8&spc=MTo3ODAxMjgwNjY5Njk1NjU4OjE2NjU1NjQ2MTk6c3BfbXRmOjIwMDcwNDgxMjAzMTA4OjowOjo&sp_csd=d2lkZ2V0TmFtZT1zcF9tdGY&url=%2FDANISH-ENDURANCE-Alpine-Performance-Yellow%2Fdp%2FB07G4BYKTC%2Fref%3Dsr_1_33_sspa%3Fcrid%3D2CAHDTR5AV0UH%26keywords%3DskII%26qid%3D1665564619%26qu%3DeyJxc2MiOiIzLjYxIiwicXNhIjoiMi45NiIsInFzcCI6IjIuODAifQ%253D%253D%26sprefix%3Dskii%252Caps%252C408%26sr%3D8-33-spons%26psc%3D1,2022-10-12
AKSIUM ACCESS,"
                      £38.96
                     ","
                        4.5 out of 5 stars
                       ","
                      656
                     ",https://www.amazon.com/sspa/click?ie=UTF8&spc=MTo3ODAxMjgwNjY5Njk1NjU4OjE2NjU1NjQ2MTk6c3BfbXRmOjIwMDgxNTY2OTkzNTk4OjowOjo&sp_csd=d2lkZ2V0TmFtZT1zcF9tdGY&url=%2FSalomon-Aksium-Goggles-Universal-L40846100%2Fdp%2FB07WKN59J7%2Fref%3Dsr_1_34_sspa%3Fcrid%3D2CAHDTR5AV0UH%26keywords%3DskII%26qid%3D1665564619%26qu%3DeyJxc2MiOiIzLjYxIiwicXNhIjoiMi45NiIsInFzcCI6IjIuODAifQ%253D%253D%26sprefix%3Dskii%252Caps%252C408%26sr%3D8-34-spons%26psc%3D1,2022-10-12
"JVR Blackhead Remover Mask for Men, Bamboo Charcoal Peel Off Black Mask, Purifying & Deep Cleansing for All Skin Types 120g","
                      £9.99
                     ","
                        4.0 out of 5 stars
                       ","
                      504
                     ",https://www.amazon.com/sspa/click?ie=UTF8&spc=MTo3ODAxMjgwNjY5Njk1NjU4OjE2NjU1NjQ2MTk6c3BfbXRmOjIwMDc2NTczMzAyMzk4OjowOjo&sp_csd=d2lkZ2V0TmFtZT1zcF9tdGY&url=%2FJVR-Blackhead-Charcoal-Purifying-Cleansing%2Fdp%2FB087JBPNT5%2Fref%3Dsr_1_35_sspa%3Fcrid%3D2CAHDTR5AV0UH%26keywords%3DskII%26qid%3D1665564619%26qu%3DeyJxc2MiOiIzLjYxIiwicXNhIjoiMi45NiIsInFzcCI6IjIuODAifQ%253D%253D%26sprefix%3Dskii%252Caps%252C408%26sr%3D8-35-spons%26psc%3D1,2022-10-12
REN Clean Skincare Supersize Overnight Recovery Balm 50ml,"
                      £49.00
                     ",,"
                     (£98.00/100 ml)
                    ",https://www.amazon.com/sspa/click?ie=UTF8&spc=MTo3ODAxMjgwNjY5Njk1NjU4OjE2NjU1NjQ2MTk6c3BfbXRmOjIwMDY4Mjg2NjY1ODk4OjowOjo&sp_csd=d2lkZ2V0TmFtZT1zcF9tdGY&url=%2FREN-Clean-Skincare-Supersize-Overnight%2Fdp%2FB09NQFPQ4N%2Fref%3Dsr_1_36_sspa%3Fcrid%3D2CAHDTR5AV0UH%26keywords%3DskII%26qid%3D1665564619%26qu%3DeyJxc2MiOiIzLjYxIiwicXNhIjoiMi45NiIsInFzcCI6IjIuODAifQ%253D%253D%26smid%3DA3P5ROKL5A1OLE%26sprefix%3Dskii%252Caps%252C408%26sr%3D8-36-spons%26psc%3D1,2022-10-12
Blulu Ski Mask Winter Balaclava Ski Mask Warm Full Face Ski Mask Thermal Men Ski Mask 3 Hole Knit Face Mask for Outdoor Sports,"
                    £7.59
                   ","
                      3.9 out of 5 stars
                     ","
                    92
                   ",https://www.amazon.com/Winter-Balaclava-Thermal-3-Hole-Outdoor/dp/B09J16SXYJ/ref=sr_1_37?crid=2CAHDTR5AV0UH&keywords=skII&qid=1665564619&qu=eyJxc2MiOiIzLjYxIiwicXNhIjoiMi45NiIsInFzcCI6IjIuODAifQ%3D%3D&sprefix=skii%2Caps%2C408&sr=8-37,2022-10-12
"coskefy Thermal Gloves, -20℉ Coldproof Touchscreen Ski Gloves Waterproof Winter Gloves 3M Thinsulate Snow Gloves for Walking Snowboarding Hiking Outdoor","
                    £11.04
                   ","
                      4.5 out of 5 stars
                     ","
                    1,967
                   ",https://www.amazon.com/coskefy-Thermal-Thinsulate-Touchscreen-Snowboarding/dp/B07HGQMK4H/ref=sr_1_38?crid=2CAHDTR5AV0UH&keywords=skII&qid=1665564619&qu=eyJxc2MiOiIzLjYxIiwicXNhIjoiMi45NiIsInFzcCI6IjIuODAifQ%3D%3D&smid=A3PNIR7C4EEUQS&sprefix=skii%2Caps%2C408&sr=8-38,2022-10-12
BODY ARMOUR CE MOTORBIKE/MOTORCYCLE/MOTOCROSS SKIING SKATING SNOW BOARD IMPACT PADDED SPINE GUARD PROTECTIVE SUIT (M),"
                    £49.99
                   ","
                      3.5 out of 5 stars
                     ","
                    8
                   ",https://www.amazon.com/ARMOUR-MOTORBIKE-MOTORCYCLE-MOTOCROSS-PROTECTIVE/dp/B07DCFMPB3/ref=sr_1_39?crid=2CAHDTR5AV0UH&keywords=skII&qid=1665564619&qu=eyJxc2MiOiIzLjYxIiwicXNhIjoiMi45NiIsInFzcCI6IjIuODAifQ%3D%3D&sprefix=skii%2Caps%2C408&sr=8-39,2022-10-12
4 Pairs of Mens High Performance Thermal Ski Socks-Assorted-UK 6 - 11 ( Eur 39 - 45 ),"
                    £12.95
                   ","
                      4.5 out of 5 stars
                     ","
                    4,028
                   ",https://www.amazon.com/Pairs-Mens-Performance-Thermal-Socks-Assorted-UK/dp/B01N59WFGI/ref=sr_1_40?crid=2CAHDTR5AV0UH&keywords=skII&qid=1665564619&qu=eyJxc2MiOiIzLjYxIiwicXNhIjoiMi45NiIsInFzcCI6IjIuODAifQ%3D%3D&sprefix=skii%2Caps%2C408&sr=8-40,2022-10-12
Sakkas Booker Cashmere Feel Solid Colored Unisex Winter Scarf With Fringe,"
                    £12.99
                   ","
                      4.4 out of 5 stars
                     ","
                    443
                   ",https://www.amazon.com/Sakkas-1590-Booker-Cashmere-Colored/dp/B07CP2KVM9/ref=sr_1_42?crid=2CAHDTR5AV0UH&keywords=skII&qid=1665564619&qu=eyJxc2MiOiIzLjYxIiwicXNhIjoiMi45NiIsInFzcCI6IjIuODAifQ%3D%3D&sprefix=skii%2Caps%2C408&sr=8-42,2022-10-12
"L'Oréal Paris Perfect Golden Age Re-Activating Essence, 125ml","
                    £16.99
                   ","
                      4.5 out of 5 stars
                     ","
                    631
                   ",https://www.amazon.com/LOr%C3%A9al-Perfect-Golden-Re-Activating-Essence/dp/B01AIPJ4A8/ref=sr_1_43?crid=2CAHDTR5AV0UH&keywords=skII&qid=1665564619&qu=eyJxc2MiOiIzLjYxIiwicXNhIjoiMi45NiIsInFzcCI6IjIuODAifQ%3D%3D&sprefix=skii%2Caps%2C408&sr=8-43,2022-10-12
donhobo Men's Fleece Jacket Winter Waterproof Warm Ski Jackets Windproof Coat With Zip Pockets Hood,"
                    £51.98
                   ","
                      4.4 out of 5 stars
                     ","
                    2,559
                   ",https://www.amazon.com/donhobo-Waterproof-Jackets-Windproof-Pockets/dp/B0787PLRXM/ref=sr_1_44?crid=2CAHDTR5AV0UH&keywords=skII&qid=1665564619&qu=eyJxc2MiOiIzLjYxIiwicXNhIjoiMi45NiIsInFzcCI6IjIuODAifQ%3D%3D&sprefix=skii%2Caps%2C408&sr=8-44,2022-10-12
Sock Stack 4 Pairs Of Mens Performance Ski Sock Long Thermal Heat Pro Winter Cushioned Arch Support Snowboard Socks With Full Terry Socks UK Size 6-11,"
                    £9.95
                   ","
                      4.2 out of 5 stars
                     ","
                    223
                   ",https://www.amazon.com/Sock-Stack-Performance-Cushioned-Snowboard/dp/B07YRXCDVJ/ref=sr_1_45?crid=2CAHDTR5AV0UH&keywords=skII&qid=1665564619&qu=eyJxc2MiOiIzLjYxIiwicXNhIjoiMi45NiIsInFzcCI6IjIuODAifQ%3D%3D&sprefix=skii%2Caps%2C408&sr=8-45,2022-10-12
DREAM PAIRS Boys Girls Faux Fur Lined Winter Snow Boots (Toddler/Little Kid/Big Kid) Shorty-K,"
                    £29.99
                   ","
                      4.6 out of 5 stars
                     ","
                    6,149
                   ",https://www.amazon.com/Dream-Shorty-K-Chesnut-Sheepskin-Winter/dp/B07MZSY43Q/ref=sr_1_46?crid=2CAHDTR5AV0UH&keywords=skII&qid=1665564619&qu=eyJxc2MiOiIzLjYxIiwicXNhIjoiMi45NiIsInFzcCI6IjIuODAifQ%3D%3D&sprefix=skii%2Caps%2C408&sr=8-46,2022-10-12
"SECRET KEY Starting Treatment Essence Rose Edition 5.07 fl.oz. (150ml) - 94% Galactonyces Fermented Filtrate & Rose Flower Water, Anti-Wrikle & Moisturizing First Step Skin Care Essence, Paraben Free","
                    £23.95
                   ","
                      4.6 out of 5 stars
                     ","
                    206
                   ",https://www.amazon.com/Secret-Key-Starting-Treatment-Essence_Rose/dp/B01HCH690S/ref=sr_1_47?crid=2CAHDTR5AV0UH&keywords=skII&qid=1665564619&qu=eyJxc2MiOiIzLjYxIiwicXNhIjoiMi45NiIsInFzcCI6IjIuODAifQ%3D%3D&sprefix=skii%2Caps%2C408&sr=8-47,2022-10-12
4 Pairs High Performance Ladies Ski Socks Long Hose Thermal Socks-Assorted-UK 4 - 7,"
                    £12.95
                   ","
                      4.5 out of 5 stars
                     ","
                    2,891
                   ",https://www.amazon.com/Pairs-Performance-Ladies-Thermal-Socks-Assorted-UK/dp/B01N5MCB4M/ref=sr_1_48?crid=2CAHDTR5AV0UH&keywords=skII&qid=1665564619&qu=eyJxc2MiOiIzLjYxIiwicXNhIjoiMi45NiIsInFzcCI6IjIuODAifQ%3D%3D&sprefix=skii%2Caps%2C408&sr=8-48,2022-10-12
"Odoland OTG Ski Goggles Set with Detachable Lens, Frameless Interchangeable Magnetic Lens for Skiing Skating Snowboard, Anti-Fog and UV400 Protection Snow Goggles for Men and Women","
                    £39.99
                   ","
                      4.6 out of 5 stars
                     ","
                    492
                   ",https://www.amazon.com/Odoland-Detachable-Interchangeable-Snowmobiles-Protection/dp/B08CGZMM1C/ref=sr_1_50?crid=2CAHDTR5AV0UH&keywords=skII&qid=1665564619&qu=eyJxc2MiOiIzLjYxIiwicXNhIjoiMi45NiIsInFzcCI6IjIuODAifQ%3D%3D&sprefix=skii%2Caps%2C408&sr=8-50,2022-10-12
"Winter Neck Warmer Neck Gaiter Ski Snood for Men with Thermal Fleece Waterproof Fabric, Face Covering Multifunction Headwear Elastic Tube Face Scarf Face Shield for Sports Cycling Skiing, Running","
                    £8.99
                   ","
                      4.4 out of 5 stars
                     ","
                    607
                   ",https://www.amazon.com/Thermal-Waterproof-Covering-Multifunction-Headwear/dp/B08P3JBG38/ref=sr_1_51?crid=2CAHDTR5AV0UH&keywords=skII&qid=1665564619&qu=eyJxc2MiOiIzLjYxIiwicXNhIjoiMi45NiIsInFzcCI6IjIuODAifQ%3D%3D&sprefix=skii%2Caps%2C408&sr=8-51,2022-10-12
"DANISH ENDURANCE Merino Wool Performance Ski Socks, Shin Padding, for Men, Women, Kids, 1 Pack","
                    £26.95
                   ","
                      4.4 out of 5 stars
                     ","
                    3,455
                   ",https://www.amazon.com/DANISH-ENDURANCE-Alpine-Performance-Socks/dp/B07HKB1RS2/ref=sr_1_52?crid=2CAHDTR5AV0UH&keywords=skII&qid=1665564619&qu=eyJxc2MiOiIzLjYxIiwicXNhIjoiMi45NiIsInFzcCI6IjIuODAifQ%3D%3D&sprefix=skii%2Caps%2C408&sr=8-52,2022-10-12
"findway Ski Goggles, Skiing Goggles For Snowboard Jet Snow, For Women Men Ladies Youth Teen OTG Over Helmet Compatible, Anti-fog 100% UV Protection, Anti-glare Ski Goggles, For Skiing Snowboarding","
                    £19.99
                   ","
                      4.5 out of 5 stars
                     ","
                    1,258
                   ",https://www.amazon.com/findway-Compatible-Protection-Anti-glare-Snowboarding/dp/B07MVWWZ3X/ref=sr_1_53?crid=2CAHDTR5AV0UH&keywords=skII&qid=1665564619&qu=eyJxc2MiOiIzLjYxIiwicXNhIjoiMi45NiIsInFzcCI6IjIuODAifQ%3D%3D&sprefix=skii%2Caps%2C408&sr=8-53,2022-10-12
"DANISH ENDURANCE Merino Wool Performance Ski Socks, Shin Padding, for Men, Women, Kids, 2 Pack","
                    £37.95
                   ","
                      4.5 out of 5 stars
                     ","
                    827
                   ",https://www.amazon.com/Alpine-Performance-Socks-packs-Multicolour/dp/B07XYZXYCS/ref=sr_1_54?crid=2CAHDTR5AV0UH&keywords=skII&qid=1665564619&qu=eyJxc2MiOiIzLjYxIiwicXNhIjoiMi45NiIsInFzcCI6IjIuODAifQ%3D%3D&sprefix=skii%2Caps%2C408&sr=8-54,2022-10-12
YEKEYI Women Balaclava Hood hat Winter Cashmere Knitted Beanie Hats Ski Mask Ski Cap Outdoor,"
                    £19.99
                   ","
                      3.9 out of 5 stars
                     ","
                    23
                   ",https://www.amazon.com/YEKEYI-Balaclava-Cashmere-Knitted-Outdoor/dp/B08MT6ZZ4F/ref=sr_1_55?crid=2CAHDTR5AV0UH&keywords=skII&qid=1665564619&qu=eyJxc2MiOiIzLjYxIiwicXNhIjoiMi45NiIsInFzcCI6IjIuODAifQ%3D%3D&sprefix=skii%2Caps%2C408&sr=8-55,2022-10-12
GG ST Balaclava Windproof Ski Mask Winter Thermal Fleece Hood Heavyweight Neck Warmer Snood Outdoor Sports Face Covers Hat For Men & Women,"
                    £13.99
                   ","
                      4.3 out of 5 stars
                     ","
                    2,607
                   ",https://www.amazon.com/GG-ST-Balaclava-Windproof-Heavyweight/dp/B07GNTHWN6/ref=sr_1_56?crid=2CAHDTR5AV0UH&keywords=skII&qid=1665564619&qu=eyJxc2MiOiIzLjYxIiwicXNhIjoiMi45NiIsInFzcCI6IjIuODAifQ%3D%3D&sprefix=skii%2Caps%2C408&sr=8-56,2022-10-12
donhobo Men's Fleece Jacket Winter Waterproof Warm Ski Jackets Windproof Coat With Zip Pockets Hood,"
                      £51.98
                     ","
                        4.4 out of 5 stars
                       ","
                      2,559
                     ",https://www.amazon.com/sspa/click?ie=UTF8&spc=MTo3ODAxMjgwNjY5Njk1NjU4OjE2NjU1NjQ2MTk6c3BfYnRmOjIwMDQzMDM2MDk2MjA2OjowOjo&sp_csd=d2lkZ2V0TmFtZT1zcF9idGY&url=%2Fdonhobo-Waterproof-Jackets-Windproof-Pockets%2Fdp%2FB0787PLRXM%2Fref%3Dsr_1_57_sspa%3Fcrid%3D2CAHDTR5AV0UH%26keywords%3DskII%26qid%3D1665564619%26qu%3DeyJxc2MiOiIzLjYxIiwicXNhIjoiMi45NiIsInFzcCI6IjIuODAifQ%253D%253D%26sprefix%3Dskii%252Caps%252C408%26sr%3D8-57-spons%26psc%3D1,2022-10-12
"NIVEA Cellular LUMINOUS 630 Anti-Dark Spot Advanced Treatment Serum (30ml), Face Serum for Women, Facial Serum For Luminous Skin","
                      £10.00
                     ","
                        4.3 out of 5 stars
                       ","
                      520
                     ",https://www.amazon.com/sspa/click?ie=UTF8&spc=MTo3ODAxMjgwNjY5Njk1NjU4OjE2NjU1NjQ2MTk6c3BfYnRmOjIwMDI3OTMzOTI2ODk4OjowOjo&sp_csd=d2lkZ2V0TmFtZT1zcF9idGY&url=%2FNIVEA-Cellular-LUMINOUS-Anti-Dark-Treatment%2Fdp%2FB096R4DM7Y%2Fref%3Dsr_1_58_sspa%3Fcrid%3D2CAHDTR5AV0UH%26keywords%3DskII%26qid%3D1665564619%26qu%3DeyJxc2MiOiIzLjYxIiwicXNhIjoiMi45NiIsInFzcCI6IjIuODAifQ%253D%253D%26smid%3DA3P5ROKL5A1OLE%26sprefix%3Dskii%252Caps%252C408%26sr%3D8-58-spons%26psc%3D1,2022-10-12
"RAYZOR Ski Goggles Snowboard Goggles For Men & Women – OTG Ski Mask with UV400 Protection – Anti-Fog and Shatterproof Skiing Goggles, Anti-Glare Protective Goggles for Men Women Boys & Girls","
                      £21.95
                     ","
                        4.5 out of 5 stars
                       ","
                      869
                     ",https://www.amazon.com/sspa/click?ie=UTF8&spc=MTo3ODAxMjgwNjY5Njk1NjU4OjE2NjU1NjQ2MTk6c3BfYXRmOjIwMDE2NTI2MzAyMzk4OjowOjo&sp_csd=d2lkZ2V0TmFtZT1zcF9hdGY&url=%2FRayzor-Protection-Comfortable-Shatterproof-Snowmobiles%2Fdp%2FB002MQ6LTY%2Fref%3Dsr_1_1_sspa%3Fcrid%3D2CAHDTR5AV0UH%26keywords%3DskII%26qid%3D1665564619%26qu%3DeyJxc2MiOiIzLjYxIiwicXNhIjoiMi45NiIsInFzcCI6IjIuODAifQ%253D%253D%26sprefix%3Dskii%252Caps%252C408%26sr%3D8-1-spons%26psc%3D1,2022-10-12
Handle Double Shoulder Strap Easily 2Pcs Activities Fixing Fixing Belt Skis Strap Power Training Convenient for Family Skiing Activities,"
                      £10.49
                     ",,,https://www.amazon.com/sspa/click?ie=UTF8&spc=MTo3ODAxMjgwNjY5Njk1NjU4OjE2NjU1NjQ2MTk6c3BfYXRmOjIwMDcxMjg1MDcwMjk4OjowOjo&sp_csd=d2lkZ2V0TmFtZT1zcF9hdGY&url=%2FHandle-Shoulder-Activities-Training-Convenient%2Fdp%2FB09285W6B1%2Fref%3Dsr_1_2_sspa%3Fcrid%3D2CAHDTR5AV0UH%26keywords%3DskII%26qid%3D1665564619%26qu%3DeyJxc2MiOiIzLjYxIiwicXNhIjoiMi45NiIsInFzcCI6IjIuODAifQ%253D%253D%26sprefix%3Dskii%252Caps%252C408%26sr%3D8-2-spons%26psc%3D1,2022-10-12
IMIKEYA 6pcs Ski Straps Adjustable Ski Wraps Ties Ski Board Carrier Fastener Tape Colorful Tape Strap Band for Outdoor Skiing,"
                      £13.29
                     ",,,https://www.amazon.com/sspa/click?ie=UTF8&spc=MTo3ODAxMjgwNjY5Njk1NjU4OjE2NjU1NjQ2MTk6c3BfYXRmOjIwMDU5ODYxMzgwNjAxOjowOjo&sp_csd=d2lkZ2V0TmFtZT1zcF9hdGY&url=%2FIMIKEYA-Adjustable-Carrier-Fastener-Colorful%2Fdp%2FB08YQRQ6B7%2Fref%3Dsr_1_3_sspa%3Fcrid%3D2CAHDTR5AV0UH%26keywords%3DskII%26qid%3D1665564619%26qu%3DeyJxc2MiOiIzLjYxIiwicXNhIjoiMi45NiIsInFzcCI6IjIuODAifQ%253D%253D%26sprefix%3Dskii%252Caps%252C408%26sr%3D8-3-spons%26psc%3D1,2022-10-12
"Pinsofy Ski Shoulder Carrier, Power Training Portable Ski and Pole Carrier Strap, Adjustable 43.3in Skiing Skiers Pole for Fixing Ski","
                      £10.18
                     ",,,https://www.amazon.com/sspa/click?ie=UTF8&spc=MTo3ODAxMjgwNjY5Njk1NjU4OjE2NjU1NjQ2MTk6c3BfYXRmOjIwMDQ2NTYyNDczMjAyOjowOjo&sp_csd=d2lkZ2V0TmFtZT1zcF9hdGY&url=%2FPinsofy-Shoulder-Training-Portable-Adjustable%2Fdp%2FB08P93CBQV%2Fref%3Dsr_1_4_sspa%3Fcrid%3D2CAHDTR5AV0UH%26keywords%3DskII%26qid%3D1665564619%26qu%3DeyJxc2MiOiIzLjYxIiwicXNhIjoiMi45NiIsInFzcCI6IjIuODAifQ%253D%253D%26sprefix%3Dskii%252Caps%252C408%26sr%3D8-4-spons%26psc%3D1,2022-10-12
SK-II Facial Treatment Essence Pitera 7.7oz,"
                    £212.00
                   ","
                      4.4 out of 5 stars
                     ","
                    237
                   ",https://www.amazon.com/SK-II-Facial-Treatment-Essence-Pitera/dp/B01M599DYT/ref=sr_1_5?crid=2CAHDTR5AV0UH&keywords=skII&qid=1665564619&qu=eyJxc2MiOiIzLjYxIiwicXNhIjoiMi45NiIsInFzcCI6IjIuODAifQ%3D%3D&sprefix=skii%2Caps%2C408&sr=8-5,2022-10-12
SK-II GENOPTICS Aura Essence 50ml 2016,"
                    £174.95
                   ","
                      4.1 out of 5 stars
                     ","
                    76
                   ",https://www.amazon.com/SK-II-GENOPTICS-AURA-ESSENCE-50ml/dp/B01BF1SC6Q/ref=sr_1_6?crid=2CAHDTR5AV0UH&keywords=skII&qid=1665564619&qu=eyJxc2MiOiIzLjYxIiwicXNhIjoiMi45NiIsInFzcCI6IjIuODAifQ%3D%3D&sprefix=skii%2Caps%2C408&sr=8-6,2022-10-12
SK-II Facial Treatment Gentle Cleanser - 120ml,"
                    £77.00
                   ","
                      4.1 out of 5 stars
                     ","
                    66
                   ",https://www.amazon.com/SK-II-Cleanser-Facial-Treatment/dp/B00ANEU7HY/ref=sr_1_7?crid=2CAHDTR5AV0UH&keywords=skII&qid=1665564619&qu=eyJxc2MiOiIzLjYxIiwicXNhIjoiMi45NiIsInFzcCI6IjIuODAifQ%3D%3D&sprefix=skii%2Caps%2C408&sr=8-7,2022-10-12
SK-II - Facial Treatment Clear Lotion (230ml),"
                    £83.95
                   ","
                      4.4 out of 5 stars
                     ","
                    189
                   ",https://www.amazon.com/SK-II-Facial-Treatment-Clear-Lotion/dp/B06ZZYQXJG/ref=sr_1_8?crid=2CAHDTR5AV0UH&keywords=skII&qid=1665564619&qu=eyJxc2MiOiIzLjYxIiwicXNhIjoiMi45NiIsInFzcCI6IjIuODAifQ%3D%3D&sprefix=skii%2Caps%2C408&sr=8-8,2022-10-12
Facial Treatment Mask SKII 10 Pcs Treatment For Unisex,"
                    £116.68
                   ","
                      4.4 out of 5 stars
                     ","
                    203
                   ",https://www.amazon.com/Facial-Treatment-Mask-SKII-Unisex/dp/B00JDVP18S/ref=sr_1_9?crid=2CAHDTR5AV0UH&keywords=skII&qid=1665564619&qu=eyJxc2MiOiIzLjYxIiwicXNhIjoiMi45NiIsInFzcCI6IjIuODAifQ%3D%3D&sprefix=skii%2Caps%2C408&sr=8-9,2022-10-12
SK II Facial Treatment Essence 230ml,"
                    £177.21
                   ","
                      4.3 out of 5 stars
                     ","
                    526
                   ",https://www.amazon.com/SK-Facial-Treatment-Essence-230ml/dp/B01296JRMO/ref=sr_1_10?crid=2CAHDTR5AV0UH&keywords=skII&qid=1665564619&qu=eyJxc2MiOiIzLjYxIiwicXNhIjoiMi45NiIsInFzcCI6IjIuODAifQ%3D%3D&sprefix=skii%2Caps%2C408&sr=8-10,2022-10-12
SK-II R.N.A Power Radical New Age Eye Cream 0.5oz,"
                    £99.98
                   ","
                      4.0 out of 5 stars
                     ","
                    121
                   ",https://www.amazon.com/SK-II-Power-Radical-Cream-0-5oz/dp/B0716JS4KX/ref=sr_1_11?crid=2CAHDTR5AV0UH&keywords=skII&qid=1665564619&qu=eyJxc2MiOiIzLjYxIiwicXNhIjoiMi45NiIsInFzcCI6IjIuODAifQ%3D%3D&sprefix=skii%2Caps%2C408&sr=8-11,2022-10-12
DREAM PAIRS Womens Outdoor Snow Boots Ladies Winter Boot Waterproof Lightweight Warm Fashion Shoes,"
                    £34.99
                   ","
                      5.0 out of 5 stars
                     ","
                    1
                   ",https://www.amazon.com/DREAM-PAIRS-Waterproof-Lightweight-SDSB2213W/dp/B09ZLGYNR7/ref=sr_1_12?crid=2CAHDTR5AV0UH&keywords=skII&qid=1665564619&qu=eyJxc2MiOiIzLjYxIiwicXNhIjoiMi45NiIsInFzcCI6IjIuODAifQ%3D%3D&sprefix=skii%2Caps%2C408&sr=8-12,2022-10-12
"Morrisons Chocolate Mousse 6 Pots, 360 g","
                    £1.25
                   ","
                      4.4 out of 5 stars
                     ","
                    702
                   ",https://www.amazon.com/Morrisons-Chocolate-Mousse-60g-pots/dp/B01AWH2NJ6/ref=sr_1_13_f3_0o_morri?crid=2CAHDTR5AV0UH&keywords=skII&qid=1665564619&qu=eyJxc2MiOiIzLjYxIiwicXNhIjoiMi45NiIsInFzcCI6IjIuODAifQ%3D%3D&sprefix=skii%2Caps%2C408&sr=8-13,2022-10-12
"Paula's Choice Skin Perfecting 2% BHA Liquid Exfoliant - Face Exfoliating Peel Fights Blackheads, Breakouts & Enlarged Pores - with Salicylic Acid - Combination, Oily & Acne Prone Skin - 118 ml","
                    £33.00
                   ","
                      4.5 out of 5 stars
                     ","
                    13,124
                   ",https://www.amazon.com/Paulas-Choice-Perfecting-Liquid-Exfoliant/dp/B07PCSNFLP/ref=sr_1_14?crid=2CAHDTR5AV0UH&keywords=skII&qid=1665564619&qu=eyJxc2MiOiIzLjYxIiwicXNhIjoiMi45NiIsInFzcCI6IjIuODAifQ%3D%3D&sprefix=skii%2Caps%2C408&sr=8-14,2022-10-12
MEDIHEAL Official [Korea's No 1 Sheet Mask] - Collagen Essential Lifting & Firming Mask (5 Masks),"
                    £11.05
                   ","
                      4.6 out of 5 stars
                     ","
                    1,392
                   ",https://www.amazon.com/MEDIHEAL-Official-Koreas-Sheet-Mask/dp/B07T32XPCW/ref=sr_1_15?crid=2CAHDTR5AV0UH&keywords=skII&qid=1665564619&qu=eyJxc2MiOiIzLjYxIiwicXNhIjoiMi45NiIsInFzcCI6IjIuODAifQ%3D%3D&sprefix=skii%2Caps%2C408&sr=8-15,2022-10-12
"OutdoorMaster Ski Goggles PRO - Frameless, Interchangeable Lens 100% UV400 Protection Snow Goggles for Men & Women","
                    £37.99
                   ","
                      4.6 out of 5 stars
                     ","
                    7,834
                   ",https://www.amazon.com/OutdoorMaster-Ski-Goggles-PRO-Interchangeable/dp/B014XKTFI0/ref=sr_1_16?crid=2CAHDTR5AV0UH&keywords=skII&qid=1665564619&qu=eyJxc2MiOiIzLjYxIiwicXNhIjoiMi45NiIsInFzcCI6IjIuODAifQ%3D%3D&sprefix=skii%2Caps%2C408&sr=8-16,2022-10-12
Retinol Moisturizer for Face (120ml) – Anti Ageing Face Cream Reduces Scars Ance and Wrinkles with Hyaluronic Acid and Vitamin E,"
                    £18.88
                   ","
                      4.2 out of 5 stars
                     ","
                    7,345
                   ",https://www.amazon.com/2-5-Retinol-Moisturizer-Face-120ml/dp/B017XZVYMC/ref=sr_1_17?crid=2CAHDTR5AV0UH&keywords=skII&qid=1665564619&qu=eyJxc2MiOiIzLjYxIiwicXNhIjoiMi45NiIsInFzcCI6IjIuODAifQ%3D%3D&sprefix=skii%2Caps%2C408&sr=8-17,2022-10-12
Skinfood Facial Mask Rice Wash Off - 3.52 Oz,"
                    £13.00
                   ","
                      4.4 out of 5 stars
                     ","
                    127
                   ",https://www.amazon.com/Skin-food-Rice-Mask-Ounce/dp/B004FKNYWW/ref=sr_1_18?crid=2CAHDTR5AV0UH&keywords=skII&qid=1665564619&qu=eyJxc2MiOiIzLjYxIiwicXNhIjoiMi45NiIsInFzcCI6IjIuODAifQ%3D%3D&sprefix=skii%2Caps%2C408&sr=8-18,2022-10-12
Balaclava Ski Mask for Men Women Face Mask for Cold Weather Winter Windproof Outdoors in Winter Neck Warmer Multifunctional Sports Cold Weather Gear,"
                    £12.88
                   ","
                      4.1 out of 5 stars
                     ","
                    1,748
                   ",https://www.amazon.com/Balaclava-Windproof-Motorcycle-Multifunctional-Snowboard/dp/B0756RNPR8/ref=sr_1_19?crid=2CAHDTR5AV0UH&keywords=skII&qid=1665564619&qu=eyJxc2MiOiIzLjYxIiwicXNhIjoiMi45NiIsInFzcCI6IjIuODAifQ%3D%3D&sprefix=skii%2Caps%2C408&sr=8-19,2022-10-12
"SLOPE WARRIOR Cosmic Rider Merino Wool Alpine Performance Socks, for Men, Women, Shin Padding, Fast Drying, Warm, Knee High Thermal Socks for Ski, Snowboarding and Mountaineering","
                    £18.60
                   ","
                      4.1 out of 5 stars
                     ","
                    4
                   ",https://www.amazon.com/SLOPE-WARRIOR-Cosmic-Rider-High-Performance/dp/B07SX7RL28/ref=sr_1_20?crid=2CAHDTR5AV0UH&keywords=skII&qid=1665564619&qu=eyJxc2MiOiIzLjYxIiwicXNhIjoiMi45NiIsInFzcCI6IjIuODAifQ%3D%3D&sprefix=skii%2Caps%2C408&sr=8-20,2022-10-12
NORTIV 8 Men's 170410 Insulated Waterproof Construction Hiking Winter Snow Boots,"
                    £46.99
                   ","
                      4.4 out of 5 stars
                     ","
                    4,198
                   ",https://www.amazon.com/NORTIV-170410-Waterproof-Winter-Boots/dp/B07FS7B753/ref=sr_1_21?crid=2CAHDTR5AV0UH&keywords=skII&qid=1665564619&qu=eyJxc2MiOiIzLjYxIiwicXNhIjoiMi45NiIsInFzcCI6IjIuODAifQ%3D%3D&sprefix=skii%2Caps%2C408&sr=8-21,2022-10-12
"Snowledge Ski Snowboard Goggles with UV400 Protection, Skiing Snowboarding Goggles of Dual Lens with Anti Fog for Men, Women,Helmet Compatible","
                    £27.99
                   ","
                      4.5 out of 5 stars
                     ","
                    782
                   ",https://www.amazon.com/Snowledge-Snowboard-Goggles-Protection-Compatible/dp/B07GQN2PJ4/ref=sr_1_22?crid=2CAHDTR5AV0UH&keywords=skII&qid=1665564619&qu=eyJxc2MiOiIzLjYxIiwicXNhIjoiMi45NiIsInFzcCI6IjIuODAifQ%3D%3D&sprefix=skii%2Caps%2C408&sr=8-22,2022-10-12
"Merino Wool Ski Socks, Cold Weather Knee-High Thermal Socks for Winter, Snow, Snowboarding, Hiking","
                    £22.31
                   ","
                      4.7 out of 5 stars
                     ","
                    122
                   ",https://www.amazon.com/Merino-Weather-Knee-High-Thermal-Snowboarding/dp/B09M3HCSGS/ref=sr_1_23?crid=2CAHDTR5AV0UH&keywords=skII&qid=1665564619&qu=eyJxc2MiOiIzLjYxIiwicXNhIjoiMi45NiIsInFzcCI6IjIuODAifQ%3D%3D&sprefix=skii%2Caps%2C408&sr=8-23,2022-10-12
OutdoorMaster Ski Goggles PRO Replacement Lens,"
                    £27.99
                   ","
                      4.6 out of 5 stars
                     ","
                    2,372
                   ",https://www.amazon.com/OutdoorMaster-Ski-Goggles-Replacement-Lens/dp/B074JY1NHC/ref=sr_1_24?crid=2CAHDTR5AV0UH&keywords=skII&qid=1665564619&qu=eyJxc2MiOiIzLjYxIiwicXNhIjoiMi45NiIsInFzcCI6IjIuODAifQ%3D%3D&sprefix=skii%2Caps%2C408&sr=8-24,2022-10-12
"Merino Wool Socks High Performance Compression Ski Socks Mens and Women Thermal Knee High Socks, 2 Pairs","
                    £25.99
                   ","
                      4.4 out of 5 stars
                     ","
                    39
                   ",https://www.amazon.com/Merino-Performance-Compression-Socks-Thermal/dp/B09MD5RHY3/ref=sr_1_25?crid=2CAHDTR5AV0UH&keywords=skII&qid=1665564619&qu=eyJxc2MiOiIzLjYxIiwicXNhIjoiMi45NiIsInFzcCI6IjIuODAifQ%3D%3D&sprefix=skii%2Caps%2C408&sr=8-25,2022-10-12
DREAM PAIRS Women’s Waterproof Wellington Duck Rain Boots Outdoor Ankle Low Heel Snow Boots Ladies Originals Lace-up Winter Boots,"
                    £29.99
                   ","
                      5.0 out of 5 stars
                     ","
                    1
                   ",https://www.amazon.com/DREAM-PAIRS-Originals-Waterproof-SDSB2211W-1/dp/B09ZLGFH4D/ref=sr_1_26?crid=2CAHDTR5AV0UH&keywords=skII&qid=1665564619&qu=eyJxc2MiOiIzLjYxIiwicXNhIjoiMi45NiIsInFzcCI6IjIuODAifQ%3D%3D&sprefix=skii%2Caps%2C408&sr=8-26,2022-10-12
"RAYZOR Ski Goggles Snowboard Goggles For Men & Women – OTG Ski Mask with UV400 Protection – Anti-Fog and Shatterproof Skiing Goggles, Anti-Glare Protective Goggles for Men Women Boys & Girls","
                    £21.95
                   ","
                      4.5 out of 5 stars
                     ","
                    869
                   ",https://www.amazon.com/Rayzor-Protection-Comfortable-Shatterproof-Snowmobiles/dp/B002MQ6LTY/ref=sr_1_27?crid=2CAHDTR5AV0UH&keywords=skII&qid=1665564619&qu=eyJxc2MiOiIzLjYxIiwicXNhIjoiMi45NiIsInFzcCI6IjIuODAifQ%3D%3D&sprefix=skii%2Caps%2C408&sr=8-27,2022-10-12
5 Pairs Mens High Performance Thermal Ski Socks - Multicoloured - Mens UK Size 6-11 (EU 39-45),"
                    £11.95
                   ","
                      4.3 out of 5 stars
                     ","
                    363
                   ",https://www.amazon.com/SX167-6-11-Mens-Socks-Pack-6-11/dp/B08M3QKF95/ref=sr_1_28?crid=2CAHDTR5AV0UH&keywords=skII&qid=1665564619&qu=eyJxc2MiOiIzLjYxIiwicXNhIjoiMi45NiIsInFzcCI6IjIuODAifQ%3D%3D&sprefix=skii%2Caps%2C408&sr=8-28,2022-10-12
"SPOSUNE OTG Ski Goggles - Over Glasses Snow Snowboard Goggle with Anti fog Dual lens for Men Women Youth Kids Skiing Skating Snowmobile, Windproof UV400 Protection Winter Sports Protective Glasses","
                    £25.99
                   ","
                      4.6 out of 5 stars
                     ","
                    705
                   ",https://www.amazon.com/SPOSUNE-Protection-Spherical-Snowboard-Compatible/dp/B07WP2LSLR/ref=sr_1_29?crid=2CAHDTR5AV0UH&keywords=skII&qid=1665564619&qu=eyJxc2MiOiIzLjYxIiwicXNhIjoiMi45NiIsInFzcCI6IjIuODAifQ%3D%3D&sprefix=skii%2Caps%2C408&sr=8-29,2022-10-12
SAITAG Balaclava Ski Mask Warm Face Mask for Cold Weather Winter Skiing Snowboarding Motorcycling Ice Fishing Men,"
                    £17.59
                   ","
                      4.6 out of 5 stars
                     ","
                    364
                   ",https://www.amazon.com/SAITAG-Balaclava-Weather-Snowboarding-Motorcycling/dp/B09D2VX1F6/ref=sr_1_30?crid=2CAHDTR5AV0UH&keywords=skII&qid=1665564619&qu=eyJxc2MiOiIzLjYxIiwicXNhIjoiMi45NiIsInFzcCI6IjIuODAifQ%3D%3D&sprefix=skii%2Caps%2C408&sr=8-30,2022-10-12
"2 Pairs Men's Wool Socks, 80% Merino, Hiking Walking Thermal Athletic Socks for Winter Outdoor Recreation Trekking Climbing(UK M-L)","
                    £11.99
                   ","
                      4.4 out of 5 stars
                     ","
                    513
                   ",https://www.amazon.com/Walking-Athletic-Recreation-Trekking-Climbing/dp/B07XGK6VDJ/ref=sr_1_31?crid=2CAHDTR5AV0UH&keywords=skII&qid=1665564619&qu=eyJxc2MiOiIzLjYxIiwicXNhIjoiMi45NiIsInFzcCI6IjIuODAifQ%3D%3D&sprefix=skii%2Caps%2C408&sr=8-31,2022-10-12
"Mountain Warehouse Kids Ski Jacket & Trousers Set - Snowproof Ski Outfit, Front Pockets, Fleece Lined Skiwear, Integrated Snowskirt - Best for Winter Snowboarding","
                    £59.99
                   ","
                      4.6 out of 5 stars
                     ","
                    1,423
                   ",https://www.amazon.com/Mountain-Warehouse-Kids-Jacket-Trousers/dp/B08SKQJ5R6/ref=sr_1_32?crid=2CAHDTR5AV0UH&keywords=skII&qid=1665564619&qu=eyJxc2MiOiIzLjYxIiwicXNhIjoiMi45NiIsInFzcCI6IjIuODAifQ%3D%3D&sprefix=skii%2Caps%2C408&sr=8-32,2022-10-12
"DANISH ENDURANCE Merino Wool Performance Ski Socks, Shin Padding, for Men, Women, Kids, 1 Pack","
                      £26.95
                     ","
                        4.4 out of 5 stars
                       ","
                      3,455
                     ",https://www.amazon.com/sspa/click?ie=UTF8&spc=MTo3ODAxMjgwNjY5Njk1NjU4OjE2NjU1NjQ2MTk6c3BfbXRmOjIwMDcwNDgxMjAzMTA4OjowOjo&sp_csd=d2lkZ2V0TmFtZT1zcF9tdGY&url=%2FDANISH-ENDURANCE-Alpine-Performance-Yellow%2Fdp%2FB07G4BYKTC%2Fref%3Dsr_1_33_sspa%3Fcrid%3D2CAHDTR5AV0UH%26keywords%3DskII%26qid%3D1665564619%26qu%3DeyJxc2MiOiIzLjYxIiwicXNhIjoiMi45NiIsInFzcCI6IjIuODAifQ%253D%253D%26sprefix%3Dskii%252Caps%252C408%26sr%3D8-33-spons%26psc%3D1,2022-10-12
AKSIUM ACCESS,"
                      £38.96
                     ","
                        4.5 out of 5 stars
                       ","
                      656
                     ",https://www.amazon.com/sspa/click?ie=UTF8&spc=MTo3ODAxMjgwNjY5Njk1NjU4OjE2NjU1NjQ2MTk6c3BfbXRmOjIwMDgxNTY2OTkzNTk4OjowOjo&sp_csd=d2lkZ2V0TmFtZT1zcF9tdGY&url=%2FSalomon-Aksium-Goggles-Universal-L40846100%2Fdp%2FB07WKN59J7%2Fref%3Dsr_1_34_sspa%3Fcrid%3D2CAHDTR5AV0UH%26keywords%3DskII%26qid%3D1665564619%26qu%3DeyJxc2MiOiIzLjYxIiwicXNhIjoiMi45NiIsInFzcCI6IjIuODAifQ%253D%253D%26sprefix%3Dskii%252Caps%252C408%26sr%3D8-34-spons%26psc%3D1,2022-10-12
"JVR Blackhead Remover Mask for Men, Bamboo Charcoal Peel Off Black Mask, Purifying & Deep Cleansing for All Skin Types 120g","
                      £9.99
                     ","
                        4.0 out of 5 stars
                       ","
                      504
                     ",https://www.amazon.com/sspa/click?ie=UTF8&spc=MTo3ODAxMjgwNjY5Njk1NjU4OjE2NjU1NjQ2MTk6c3BfbXRmOjIwMDc2NTczMzAyMzk4OjowOjo&sp_csd=d2lkZ2V0TmFtZT1zcF9tdGY&url=%2FJVR-Blackhead-Charcoal-Purifying-Cleansing%2Fdp%2FB087JBPNT5%2Fref%3Dsr_1_35_sspa%3Fcrid%3D2CAHDTR5AV0UH%26keywords%3DskII%26qid%3D1665564619%26qu%3DeyJxc2MiOiIzLjYxIiwicXNhIjoiMi45NiIsInFzcCI6IjIuODAifQ%253D%253D%26sprefix%3Dskii%252Caps%252C408%26sr%3D8-35-spons%26psc%3D1,2022-10-12
REN Clean Skincare Supersize Overnight Recovery Balm 50ml,"
                      £49.00
                     ",,"
                     (£98.00/100 ml)
                    ",https://www.amazon.com/sspa/click?ie=UTF8&spc=MTo3ODAxMjgwNjY5Njk1NjU4OjE2NjU1NjQ2MTk6c3BfbXRmOjIwMDY4Mjg2NjY1ODk4OjowOjo&sp_csd=d2lkZ2V0TmFtZT1zcF9tdGY&url=%2FREN-Clean-Skincare-Supersize-Overnight%2Fdp%2FB09NQFPQ4N%2Fref%3Dsr_1_36_sspa%3Fcrid%3D2CAHDTR5AV0UH%26keywords%3DskII%26qid%3D1665564619%26qu%3DeyJxc2MiOiIzLjYxIiwicXNhIjoiMi45NiIsInFzcCI6IjIuODAifQ%253D%253D%26smid%3DA3P5ROKL5A1OLE%26sprefix%3Dskii%252Caps%252C408%26sr%3D8-36-spons%26psc%3D1,2022-10-12
Blulu Ski Mask Winter Balaclava Ski Mask Warm Full Face Ski Mask Thermal Men Ski Mask 3 Hole Knit Face Mask for Outdoor Sports,"
                    £7.59
                   ","
                      3.9 out of 5 stars
                     ","
                    92
                   ",https://www.amazon.com/Winter-Balaclava-Thermal-3-Hole-Outdoor/dp/B09J16SXYJ/ref=sr_1_37?crid=2CAHDTR5AV0UH&keywords=skII&qid=1665564619&qu=eyJxc2MiOiIzLjYxIiwicXNhIjoiMi45NiIsInFzcCI6IjIuODAifQ%3D%3D&sprefix=skii%2Caps%2C408&sr=8-37,2022-10-12
"coskefy Thermal Gloves, -20℉ Coldproof Touchscreen Ski Gloves Waterproof Winter Gloves 3M Thinsulate Snow Gloves for Walking Snowboarding Hiking Outdoor","
                    £11.04
                   ","
                      4.5 out of 5 stars
                     ","
                    1,967
                   ",https://www.amazon.com/coskefy-Thermal-Thinsulate-Touchscreen-Snowboarding/dp/B07HGQMK4H/ref=sr_1_38?crid=2CAHDTR5AV0UH&keywords=skII&qid=1665564619&qu=eyJxc2MiOiIzLjYxIiwicXNhIjoiMi45NiIsInFzcCI6IjIuODAifQ%3D%3D&smid=A3PNIR7C4EEUQS&sprefix=skii%2Caps%2C408&sr=8-38,2022-10-12
BODY ARMOUR CE MOTORBIKE/MOTORCYCLE/MOTOCROSS SKIING SKATING SNOW BOARD IMPACT PADDED SPINE GUARD PROTECTIVE SUIT (M),"
                    £49.99
                   ","
                      3.5 out of 5 stars
                     ","
                    8
                   ",https://www.amazon.com/ARMOUR-MOTORBIKE-MOTORCYCLE-MOTOCROSS-PROTECTIVE/dp/B07DCFMPB3/ref=sr_1_39?crid=2CAHDTR5AV0UH&keywords=skII&qid=1665564619&qu=eyJxc2MiOiIzLjYxIiwicXNhIjoiMi45NiIsInFzcCI6IjIuODAifQ%3D%3D&sprefix=skii%2Caps%2C408&sr=8-39,2022-10-12
4 Pairs of Mens High Performance Thermal Ski Socks-Assorted-UK 6 - 11 ( Eur 39 - 45 ),"
                    £12.95
                   ","
                      4.5 out of 5 stars
                     ","
                    4,028
                   ",https://www.amazon.com/Pairs-Mens-Performance-Thermal-Socks-Assorted-UK/dp/B01N59WFGI/ref=sr_1_40?crid=2CAHDTR5AV0UH&keywords=skII&qid=1665564619&qu=eyJxc2MiOiIzLjYxIiwicXNhIjoiMi45NiIsInFzcCI6IjIuODAifQ%3D%3D&sprefix=skii%2Caps%2C408&sr=8-40,2022-10-12
Sakkas Booker Cashmere Feel Solid Colored Unisex Winter Scarf With Fringe,"
                    £12.99
                   ","
                      4.4 out of 5 stars
                     ","
                    443
                   ",https://www.amazon.com/Sakkas-1590-Booker-Cashmere-Colored/dp/B07CP2KVM9/ref=sr_1_42?crid=2CAHDTR5AV0UH&keywords=skII&qid=1665564619&qu=eyJxc2MiOiIzLjYxIiwicXNhIjoiMi45NiIsInFzcCI6IjIuODAifQ%3D%3D&sprefix=skii%2Caps%2C408&sr=8-42,2022-10-12
"L'Oréal Paris Perfect Golden Age Re-Activating Essence, 125ml","
                    £16.99
                   ","
                      4.5 out of 5 stars
                     ","
                    631
                   ",https://www.amazon.com/LOr%C3%A9al-Perfect-Golden-Re-Activating-Essence/dp/B01AIPJ4A8/ref=sr_1_43?crid=2CAHDTR5AV0UH&keywords=skII&qid=1665564619&qu=eyJxc2MiOiIzLjYxIiwicXNhIjoiMi45NiIsInFzcCI6IjIuODAifQ%3D%3D&sprefix=skii%2Caps%2C408&sr=8-43,2022-10-12
donhobo Men's Fleece Jacket Winter Waterproof Warm Ski Jackets Windproof Coat With Zip Pockets Hood,"
                    £51.98
                   ","
                      4.4 out of 5 stars
                     ","
                    2,559
                   ",https://www.amazon.com/donhobo-Waterproof-Jackets-Windproof-Pockets/dp/B0787PLRXM/ref=sr_1_44?crid=2CAHDTR5AV0UH&keywords=skII&qid=1665564619&qu=eyJxc2MiOiIzLjYxIiwicXNhIjoiMi45NiIsInFzcCI6IjIuODAifQ%3D%3D&sprefix=skii%2Caps%2C408&sr=8-44,2022-10-12
Sock Stack 4 Pairs Of Mens Performance Ski Sock Long Thermal Heat Pro Winter Cushioned Arch Support Snowboard Socks With Full Terry Socks UK Size 6-11,"
                    £9.95
                   ","
                      4.2 out of 5 stars
                     ","
                    223
                   ",https://www.amazon.com/Sock-Stack-Performance-Cushioned-Snowboard/dp/B07YRXCDVJ/ref=sr_1_45?crid=2CAHDTR5AV0UH&keywords=skII&qid=1665564619&qu=eyJxc2MiOiIzLjYxIiwicXNhIjoiMi45NiIsInFzcCI6IjIuODAifQ%3D%3D&sprefix=skii%2Caps%2C408&sr=8-45,2022-10-12
DREAM PAIRS Boys Girls Faux Fur Lined Winter Snow Boots (Toddler/Little Kid/Big Kid) Shorty-K,"
                    £29.99
                   ","
                      4.6 out of 5 stars
                     ","
                    6,149
                   ",https://www.amazon.com/Dream-Shorty-K-Chesnut-Sheepskin-Winter/dp/B07MZSY43Q/ref=sr_1_46?crid=2CAHDTR5AV0UH&keywords=skII&qid=1665564619&qu=eyJxc2MiOiIzLjYxIiwicXNhIjoiMi45NiIsInFzcCI6IjIuODAifQ%3D%3D&sprefix=skii%2Caps%2C408&sr=8-46,2022-10-12
"SECRET KEY Starting Treatment Essence Rose Edition 5.07 fl.oz. (150ml) - 94% Galactonyces Fermented Filtrate & Rose Flower Water, Anti-Wrikle & Moisturizing First Step Skin Care Essence, Paraben Free","
                    £23.95
                   ","
                      4.6 out of 5 stars
                     ","
                    206
                   ",https://www.amazon.com/Secret-Key-Starting-Treatment-Essence_Rose/dp/B01HCH690S/ref=sr_1_47?crid=2CAHDTR5AV0UH&keywords=skII&qid=1665564619&qu=eyJxc2MiOiIzLjYxIiwicXNhIjoiMi45NiIsInFzcCI6IjIuODAifQ%3D%3D&sprefix=skii%2Caps%2C408&sr=8-47,2022-10-12
4 Pairs High Performance Ladies Ski Socks Long Hose Thermal Socks-Assorted-UK 4 - 7,"
                    £12.95
                   ","
                      4.5 out of 5 stars
                     ","
                    2,891
                   ",https://www.amazon.com/Pairs-Performance-Ladies-Thermal-Socks-Assorted-UK/dp/B01N5MCB4M/ref=sr_1_48?crid=2CAHDTR5AV0UH&keywords=skII&qid=1665564619&qu=eyJxc2MiOiIzLjYxIiwicXNhIjoiMi45NiIsInFzcCI6IjIuODAifQ%3D%3D&sprefix=skii%2Caps%2C408&sr=8-48,2022-10-12
"Odoland OTG Ski Goggles Set with Detachable Lens, Frameless Interchangeable Magnetic Lens for Skiing Skating Snowboard, Anti-Fog and UV400 Protection Snow Goggles for Men and Women","
                    £39.99
                   ","
                      4.6 out of 5 stars
                     ","
                    492
                   ",https://www.amazon.com/Odoland-Detachable-Interchangeable-Snowmobiles-Protection/dp/B08CGZMM1C/ref=sr_1_50?crid=2CAHDTR5AV0UH&keywords=skII&qid=1665564619&qu=eyJxc2MiOiIzLjYxIiwicXNhIjoiMi45NiIsInFzcCI6IjIuODAifQ%3D%3D&sprefix=skii%2Caps%2C408&sr=8-50,2022-10-12
"Winter Neck Warmer Neck Gaiter Ski Snood for Men with Thermal Fleece Waterproof Fabric, Face Covering Multifunction Headwear Elastic Tube Face Scarf Face Shield for Sports Cycling Skiing, Running","
                    £8.99
                   ","
                      4.4 out of 5 stars
                     ","
                    607
                   ",https://www.amazon.com/Thermal-Waterproof-Covering-Multifunction-Headwear/dp/B08P3JBG38/ref=sr_1_51?crid=2CAHDTR5AV0UH&keywords=skII&qid=1665564619&qu=eyJxc2MiOiIzLjYxIiwicXNhIjoiMi45NiIsInFzcCI6IjIuODAifQ%3D%3D&sprefix=skii%2Caps%2C408&sr=8-51,2022-10-12
"DANISH ENDURANCE Merino Wool Performance Ski Socks, Shin Padding, for Men, Women, Kids, 1 Pack","
                    £26.95
                   ","
                      4.4 out of 5 stars
                     ","
                    3,455
                   ",https://www.amazon.com/DANISH-ENDURANCE-Alpine-Performance-Socks/dp/B07HKB1RS2/ref=sr_1_52?crid=2CAHDTR5AV0UH&keywords=skII&qid=1665564619&qu=eyJxc2MiOiIzLjYxIiwicXNhIjoiMi45NiIsInFzcCI6IjIuODAifQ%3D%3D&sprefix=skii%2Caps%2C408&sr=8-52,2022-10-12
"findway Ski Goggles, Skiing Goggles For Snowboard Jet Snow, For Women Men Ladies Youth Teen OTG Over Helmet Compatible, Anti-fog 100% UV Protection, Anti-glare Ski Goggles, For Skiing Snowboarding","
                    £19.99
                   ","
                      4.5 out of 5 stars
                     ","
                    1,258
                   ",https://www.amazon.com/findway-Compatible-Protection-Anti-glare-Snowboarding/dp/B07MVWWZ3X/ref=sr_1_53?crid=2CAHDTR5AV0UH&keywords=skII&qid=1665564619&qu=eyJxc2MiOiIzLjYxIiwicXNhIjoiMi45NiIsInFzcCI6IjIuODAifQ%3D%3D&sprefix=skii%2Caps%2C408&sr=8-53,2022-10-12
"DANISH ENDURANCE Merino Wool Performance Ski Socks, Shin Padding, for Men, Women, Kids, 2 Pack","
                    £37.95
                   ","
                      4.5 out of 5 stars
                     ","
                    827
                   ",https://www.amazon.com/Alpine-Performance-Socks-packs-Multicolour/dp/B07XYZXYCS/ref=sr_1_54?crid=2CAHDTR5AV0UH&keywords=skII&qid=1665564619&qu=eyJxc2MiOiIzLjYxIiwicXNhIjoiMi45NiIsInFzcCI6IjIuODAifQ%3D%3D&sprefix=skii%2Caps%2C408&sr=8-54,2022-10-12
YEKEYI Women Balaclava Hood hat Winter Cashmere Knitted Beanie Hats Ski Mask Ski Cap Outdoor,"
                    £19.99
                   ","
                      3.9 out of 5 stars
                     ","
                    23
                   ",https://www.amazon.com/YEKEYI-Balaclava-Cashmere-Knitted-Outdoor/dp/B08MT6ZZ4F/ref=sr_1_55?crid=2CAHDTR5AV0UH&keywords=skII&qid=1665564619&qu=eyJxc2MiOiIzLjYxIiwicXNhIjoiMi45NiIsInFzcCI6IjIuODAifQ%3D%3D&sprefix=skii%2Caps%2C408&sr=8-55,2022-10-12
GG ST Balaclava Windproof Ski Mask Winter Thermal Fleece Hood Heavyweight Neck Warmer Snood Outdoor Sports Face Covers Hat For Men & Women,"
                    £13.99
                   ","
                      4.3 out of 5 stars
                     ","
                    2,607
                   ",https://www.amazon.com/GG-ST-Balaclava-Windproof-Heavyweight/dp/B07GNTHWN6/ref=sr_1_56?crid=2CAHDTR5AV0UH&keywords=skII&qid=1665564619&qu=eyJxc2MiOiIzLjYxIiwicXNhIjoiMi45NiIsInFzcCI6IjIuODAifQ%3D%3D&sprefix=skii%2Caps%2C408&sr=8-56,2022-10-12
donhobo Men's Fleece Jacket Winter Waterproof Warm Ski Jackets Windproof Coat With Zip Pockets Hood,"
                      £51.98
                     ","
                        4.4 out of 5 stars
                       ","
                      2,559
                     ",https://www.amazon.com/sspa/click?ie=UTF8&spc=MTo3ODAxMjgwNjY5Njk1NjU4OjE2NjU1NjQ2MTk6c3BfYnRmOjIwMDQzMDM2MDk2MjA2OjowOjo&sp_csd=d2lkZ2V0TmFtZT1zcF9idGY&url=%2Fdonhobo-Waterproof-Jackets-Windproof-Pockets%2Fdp%2FB0787PLRXM%2Fref%3Dsr_1_57_sspa%3Fcrid%3D2CAHDTR5AV0UH%26keywords%3DskII%26qid%3D1665564619%26qu%3DeyJxc2MiOiIzLjYxIiwicXNhIjoiMi45NiIsInFzcCI6IjIuODAifQ%253D%253D%26sprefix%3Dskii%252Caps%252C408%26sr%3D8-57-spons%26psc%3D1,2022-10-12
"NIVEA Cellular LUMINOUS 630 Anti-Dark Spot Advanced Treatment Serum (30ml), Face Serum for Women, Facial Serum For Luminous Skin","
                      £10.00
                     ","
                        4.3 out of 5 stars
                       ","
                      520
                     ",https://www.amazon.com/sspa/click?ie=UTF8&spc=MTo3ODAxMjgwNjY5Njk1NjU4OjE2NjU1NjQ2MTk6c3BfYnRmOjIwMDI3OTMzOTI2ODk4OjowOjo&sp_csd=d2lkZ2V0TmFtZT1zcF9idGY&url=%2FNIVEA-Cellular-LUMINOUS-Anti-Dark-Treatment%2Fdp%2FB096R4DM7Y%2Fref%3Dsr_1_58_sspa%3Fcrid%3D2CAHDTR5AV0UH%26keywords%3DskII%26qid%3D1665564619%26qu%3DeyJxc2MiOiIzLjYxIiwicXNhIjoiMi45NiIsInFzcCI6IjIuODAifQ%253D%253D%26smid%3DA3P5ROKL5A1OLE%26sprefix%3Dskii%252Caps%252C408%26sr%3D8-58-spons%26psc%3D1,2022-10-12
"RAYZOR Ski Goggles Snowboard Goggles For Men & Women – OTG Ski Mask with UV400 Protection – Anti-Fog and Shatterproof Skiing Goggles, Anti-Glare Protective Goggles for Men Women Boys & Girls","
                      £21.95
                     ","
                        4.5 out of 5 stars
                       ","
                      869
                     ",https://www.amazon.com/sspa/click?ie=UTF8&spc=MTo3ODAxMjgwNjY5Njk1NjU4OjE2NjU1NjQ2MTk6c3BfYXRmOjIwMDE2NTI2MzAyMzk4OjowOjo&sp_csd=d2lkZ2V0TmFtZT1zcF9hdGY&url=%2FRayzor-Protection-Comfortable-Shatterproof-Snowmobiles%2Fdp%2FB002MQ6LTY%2Fref%3Dsr_1_1_sspa%3Fcrid%3D2CAHDTR5AV0UH%26keywords%3DskII%26qid%3D1665564619%26qu%3DeyJxc2MiOiIzLjYxIiwicXNhIjoiMi45NiIsInFzcCI6IjIuODAifQ%253D%253D%26sprefix%3Dskii%252Caps%252C408%26sr%3D8-1-spons%26psc%3D1,2022-10-12
Handle Double Shoulder Strap Easily 2Pcs Activities Fixing Fixing Belt Skis Strap Power Training Convenient for Family Skiing Activities,"
                      £10.49
                     ",,,https://www.amazon.com/sspa/click?ie=UTF8&spc=MTo3ODAxMjgwNjY5Njk1NjU4OjE2NjU1NjQ2MTk6c3BfYXRmOjIwMDcxMjg1MDcwMjk4OjowOjo&sp_csd=d2lkZ2V0TmFtZT1zcF9hdGY&url=%2FHandle-Shoulder-Activities-Training-Convenient%2Fdp%2FB09285W6B1%2Fref%3Dsr_1_2_sspa%3Fcrid%3D2CAHDTR5AV0UH%26keywords%3DskII%26qid%3D1665564619%26qu%3DeyJxc2MiOiIzLjYxIiwicXNhIjoiMi45NiIsInFzcCI6IjIuODAifQ%253D%253D%26sprefix%3Dskii%252Caps%252C408%26sr%3D8-2-spons%26psc%3D1,2022-10-12
IMIKEYA 6pcs Ski Straps Adjustable Ski Wraps Ties Ski Board Carrier Fastener Tape Colorful Tape Strap Band for Outdoor Skiing,"
                      £13.29
                     ",,,https://www.amazon.com/sspa/click?ie=UTF8&spc=MTo3ODAxMjgwNjY5Njk1NjU4OjE2NjU1NjQ2MTk6c3BfYXRmOjIwMDU5ODYxMzgwNjAxOjowOjo&sp_csd=d2lkZ2V0TmFtZT1zcF9hdGY&url=%2FIMIKEYA-Adjustable-Carrier-Fastener-Colorful%2Fdp%2FB08YQRQ6B7%2Fref%3Dsr_1_3_sspa%3Fcrid%3D2CAHDTR5AV0UH%26keywords%3DskII%26qid%3D1665564619%26qu%3DeyJxc2MiOiIzLjYxIiwicXNhIjoiMi45NiIsInFzcCI6IjIuODAifQ%253D%253D%26sprefix%3Dskii%252Caps%252C408%26sr%3D8-3-spons%26psc%3D1,2022-10-12
"Pinsofy Ski Shoulder Carrier, Power Training Portable Ski and Pole Carrier Strap, Adjustable 43.3in Skiing Skiers Pole for Fixing Ski","
                      £10.18
                     ",,,https://www.amazon.com/sspa/click?ie=UTF8&spc=MTo3ODAxMjgwNjY5Njk1NjU4OjE2NjU1NjQ2MTk6c3BfYXRmOjIwMDQ2NTYyNDczMjAyOjowOjo&sp_csd=d2lkZ2V0TmFtZT1zcF9hdGY&url=%2FPinsofy-Shoulder-Training-Portable-Adjustable%2Fdp%2FB08P93CBQV%2Fref%3Dsr_1_4_sspa%3Fcrid%3D2CAHDTR5AV0UH%26keywords%3DskII%26qid%3D1665564619%26qu%3DeyJxc2MiOiIzLjYxIiwicXNhIjoiMi45NiIsInFzcCI6IjIuODAifQ%253D%253D%26sprefix%3Dskii%252Caps%252C408%26sr%3D8-4-spons%26psc%3D1,2022-10-12
SK-II Facial Treatment Essence Pitera 7.7oz,"
                    £212.00
                   ","
                      4.4 out of 5 stars
                     ","
                    237
                   ",https://www.amazon.com/SK-II-Facial-Treatment-Essence-Pitera/dp/B01M599DYT/ref=sr_1_5?crid=2CAHDTR5AV0UH&keywords=skII&qid=1665564619&qu=eyJxc2MiOiIzLjYxIiwicXNhIjoiMi45NiIsInFzcCI6IjIuODAifQ%3D%3D&sprefix=skii%2Caps%2C408&sr=8-5,2022-10-12
SK-II GENOPTICS Aura Essence 50ml 2016,"
                    £174.95
                   ","
                      4.1 out of 5 stars
                     ","
                    76
                   ",https://www.amazon.com/SK-II-GENOPTICS-AURA-ESSENCE-50ml/dp/B01BF1SC6Q/ref=sr_1_6?crid=2CAHDTR5AV0UH&keywords=skII&qid=1665564619&qu=eyJxc2MiOiIzLjYxIiwicXNhIjoiMi45NiIsInFzcCI6IjIuODAifQ%3D%3D&sprefix=skii%2Caps%2C408&sr=8-6,2022-10-12
SK-II Facial Treatment Gentle Cleanser - 120ml,"
                    £77.00
                   ","
                      4.1 out of 5 stars
                     ","
                    66
                   ",https://www.amazon.com/SK-II-Cleanser-Facial-Treatment/dp/B00ANEU7HY/ref=sr_1_7?crid=2CAHDTR5AV0UH&keywords=skII&qid=1665564619&qu=eyJxc2MiOiIzLjYxIiwicXNhIjoiMi45NiIsInFzcCI6IjIuODAifQ%3D%3D&sprefix=skii%2Caps%2C408&sr=8-7,2022-10-12
SK-II - Facial Treatment Clear Lotion (230ml),"
                    £83.95
                   ","
                      4.4 out of 5 stars
                     ","
                    189
                   ",https://www.amazon.com/SK-II-Facial-Treatment-Clear-Lotion/dp/B06ZZYQXJG/ref=sr_1_8?crid=2CAHDTR5AV0UH&keywords=skII&qid=1665564619&qu=eyJxc2MiOiIzLjYxIiwicXNhIjoiMi45NiIsInFzcCI6IjIuODAifQ%3D%3D&sprefix=skii%2Caps%2C408&sr=8-8,2022-10-12
Facial Treatment Mask SKII 10 Pcs Treatment For Unisex,"
                    £116.68
                   ","
                      4.4 out of 5 stars
                     ","
                    203
                   ",https://www.amazon.com/Facial-Treatment-Mask-SKII-Unisex/dp/B00JDVP18S/ref=sr_1_9?crid=2CAHDTR5AV0UH&keywords=skII&qid=1665564619&qu=eyJxc2MiOiIzLjYxIiwicXNhIjoiMi45NiIsInFzcCI6IjIuODAifQ%3D%3D&sprefix=skii%2Caps%2C408&sr=8-9,2022-10-12
SK II Facial Treatment Essence 230ml,"
                    £177.21
                   ","
                      4.3 out of 5 stars
                     ","
                    526
                   ",https://www.amazon.com/SK-Facial-Treatment-Essence-230ml/dp/B01296JRMO/ref=sr_1_10?crid=2CAHDTR5AV0UH&keywords=skII&qid=1665564619&qu=eyJxc2MiOiIzLjYxIiwicXNhIjoiMi45NiIsInFzcCI6IjIuODAifQ%3D%3D&sprefix=skii%2Caps%2C408&sr=8-10,2022-10-12
SK-II R.N.A Power Radical New Age Eye Cream 0.5oz,"
                    £99.98
                   ","
                      4.0 out of 5 stars
                     ","
                    121
                   ",https://www.amazon.com/SK-II-Power-Radical-Cream-0-5oz/dp/B0716JS4KX/ref=sr_1_11?crid=2CAHDTR5AV0UH&keywords=skII&qid=1665564619&qu=eyJxc2MiOiIzLjYxIiwicXNhIjoiMi45NiIsInFzcCI6IjIuODAifQ%3D%3D&sprefix=skii%2Caps%2C408&sr=8-11,2022-10-12
DREAM PAIRS Womens Outdoor Snow Boots Ladies Winter Boot Waterproof Lightweight Warm Fashion Shoes,"
                    £34.99
                   ","
                      5.0 out of 5 stars
                     ","
                    1
                   ",https://www.amazon.com/DREAM-PAIRS-Waterproof-Lightweight-SDSB2213W/dp/B09ZLGYNR7/ref=sr_1_12?crid=2CAHDTR5AV0UH&keywords=skII&qid=1665564619&qu=eyJxc2MiOiIzLjYxIiwicXNhIjoiMi45NiIsInFzcCI6IjIuODAifQ%3D%3D&sprefix=skii%2Caps%2C408&sr=8-12,2022-10-12
"Morrisons Chocolate Mousse 6 Pots, 360 g","
                    £1.25
                   ","
                      4.4 out of 5 stars
                     ","
                    702
                   ",https://www.amazon.com/Morrisons-Chocolate-Mousse-60g-pots/dp/B01AWH2NJ6/ref=sr_1_13_f3_0o_morri?crid=2CAHDTR5AV0UH&keywords=skII&qid=1665564619&qu=eyJxc2MiOiIzLjYxIiwicXNhIjoiMi45NiIsInFzcCI6IjIuODAifQ%3D%3D&sprefix=skii%2Caps%2C408&sr=8-13,2022-10-12
"Paula's Choice Skin Perfecting 2% BHA Liquid Exfoliant - Face Exfoliating Peel Fights Blackheads, Breakouts & Enlarged Pores - with Salicylic Acid - Combination, Oily & Acne Prone Skin - 118 ml","
                    £33.00
                   ","
                      4.5 out of 5 stars
                     ","
                    13,124
                   ",https://www.amazon.com/Paulas-Choice-Perfecting-Liquid-Exfoliant/dp/B07PCSNFLP/ref=sr_1_14?crid=2CAHDTR5AV0UH&keywords=skII&qid=1665564619&qu=eyJxc2MiOiIzLjYxIiwicXNhIjoiMi45NiIsInFzcCI6IjIuODAifQ%3D%3D&sprefix=skii%2Caps%2C408&sr=8-14,2022-10-12
MEDIHEAL Official [Korea's No 1 Sheet Mask] - Collagen Essential Lifting & Firming Mask (5 Masks),"
                    £11.05
                   ","
                      4.6 out of 5 stars
                     ","
                    1,392
                   ",https://www.amazon.com/MEDIHEAL-Official-Koreas-Sheet-Mask/dp/B07T32XPCW/ref=sr_1_15?crid=2CAHDTR5AV0UH&keywords=skII&qid=1665564619&qu=eyJxc2MiOiIzLjYxIiwicXNhIjoiMi45NiIsInFzcCI6IjIuODAifQ%3D%3D&sprefix=skii%2Caps%2C408&sr=8-15,2022-10-12
"OutdoorMaster Ski Goggles PRO - Frameless, Interchangeable Lens 100% UV400 Protection Snow Goggles for Men & Women","
                    £37.99
                   ","
                      4.6 out of 5 stars
                     ","
                    7,834
                   ",https://www.amazon.com/OutdoorMaster-Ski-Goggles-PRO-Interchangeable/dp/B014XKTFI0/ref=sr_1_16?crid=2CAHDTR5AV0UH&keywords=skII&qid=1665564619&qu=eyJxc2MiOiIzLjYxIiwicXNhIjoiMi45NiIsInFzcCI6IjIuODAifQ%3D%3D&sprefix=skii%2Caps%2C408&sr=8-16,2022-10-12
Retinol Moisturizer for Face (120ml) – Anti Ageing Face Cream Reduces Scars Ance and Wrinkles with Hyaluronic Acid and Vitamin E,"
                    £18.88
                   ","
                      4.2 out of 5 stars
                     ","
                    7,345
                   ",https://www.amazon.com/2-5-Retinol-Moisturizer-Face-120ml/dp/B017XZVYMC/ref=sr_1_17?crid=2CAHDTR5AV0UH&keywords=skII&qid=1665564619&qu=eyJxc2MiOiIzLjYxIiwicXNhIjoiMi45NiIsInFzcCI6IjIuODAifQ%3D%3D&sprefix=skii%2Caps%2C408&sr=8-17,2022-10-12
Skinfood Facial Mask Rice Wash Off - 3.52 Oz,"
                    £13.00
                   ","
                      4.4 out of 5 stars
                     ","
                    127
                   ",https://www.amazon.com/Skin-food-Rice-Mask-Ounce/dp/B004FKNYWW/ref=sr_1_18?crid=2CAHDTR5AV0UH&keywords=skII&qid=1665564619&qu=eyJxc2MiOiIzLjYxIiwicXNhIjoiMi45NiIsInFzcCI6IjIuODAifQ%3D%3D&sprefix=skii%2Caps%2C408&sr=8-18,2022-10-12
Balaclava Ski Mask for Men Women Face Mask for Cold Weather Winter Windproof Outdoors in Winter Neck Warmer Multifunctional Sports Cold Weather Gear,"
                    £12.88
                   ","
                      4.1 out of 5 stars
                     ","
                    1,748
                   ",https://www.amazon.com/Balaclava-Windproof-Motorcycle-Multifunctional-Snowboard/dp/B0756RNPR8/ref=sr_1_19?crid=2CAHDTR5AV0UH&keywords=skII&qid=1665564619&qu=eyJxc2MiOiIzLjYxIiwicXNhIjoiMi45NiIsInFzcCI6IjIuODAifQ%3D%3D&sprefix=skii%2Caps%2C408&sr=8-19,2022-10-12
"SLOPE WARRIOR Cosmic Rider Merino Wool Alpine Performance Socks, for Men, Women, Shin Padding, Fast Drying, Warm, Knee High Thermal Socks for Ski, Snowboarding and Mountaineering","
                    £18.60
                   ","
                      4.1 out of 5 stars
                     ","
                    4
                   ",https://www.amazon.com/SLOPE-WARRIOR-Cosmic-Rider-High-Performance/dp/B07SX7RL28/ref=sr_1_20?crid=2CAHDTR5AV0UH&keywords=skII&qid=1665564619&qu=eyJxc2MiOiIzLjYxIiwicXNhIjoiMi45NiIsInFzcCI6IjIuODAifQ%3D%3D&sprefix=skii%2Caps%2C408&sr=8-20,2022-10-12
NORTIV 8 Men's 170410 Insulated Waterproof Construction Hiking Winter Snow Boots,"
                    £46.99
                   ","
                      4.4 out of 5 stars
                     ","
                    4,198
                   ",https://www.amazon.com/NORTIV-170410-Waterproof-Winter-Boots/dp/B07FS7B753/ref=sr_1_21?crid=2CAHDTR5AV0UH&keywords=skII&qid=1665564619&qu=eyJxc2MiOiIzLjYxIiwicXNhIjoiMi45NiIsInFzcCI6IjIuODAifQ%3D%3D&sprefix=skii%2Caps%2C408&sr=8-21,2022-10-12
"Snowledge Ski Snowboard Goggles with UV400 Protection, Skiing Snowboarding Goggles of Dual Lens with Anti Fog for Men, Women,Helmet Compatible","
                    £27.99
                   ","
                      4.5 out of 5 stars
                     ","
                    782
                   ",https://www.amazon.com/Snowledge-Snowboard-Goggles-Protection-Compatible/dp/B07GQN2PJ4/ref=sr_1_22?crid=2CAHDTR5AV0UH&keywords=skII&qid=1665564619&qu=eyJxc2MiOiIzLjYxIiwicXNhIjoiMi45NiIsInFzcCI6IjIuODAifQ%3D%3D&sprefix=skii%2Caps%2C408&sr=8-22,2022-10-12
"Merino Wool Ski Socks, Cold Weather Knee-High Thermal Socks for Winter, Snow, Snowboarding, Hiking","
                    £22.31
                   ","
                      4.7 out of 5 stars
                     ","
                    122
                   ",https://www.amazon.com/Merino-Weather-Knee-High-Thermal-Snowboarding/dp/B09M3HCSGS/ref=sr_1_23?crid=2CAHDTR5AV0UH&keywords=skII&qid=1665564619&qu=eyJxc2MiOiIzLjYxIiwicXNhIjoiMi45NiIsInFzcCI6IjIuODAifQ%3D%3D&sprefix=skii%2Caps%2C408&sr=8-23,2022-10-12
OutdoorMaster Ski Goggles PRO Replacement Lens,"
                    £27.99
                   ","
                      4.6 out of 5 stars
                     ","
                    2,372
                   ",https://www.amazon.com/OutdoorMaster-Ski-Goggles-Replacement-Lens/dp/B074JY1NHC/ref=sr_1_24?crid=2CAHDTR5AV0UH&keywords=skII&qid=1665564619&qu=eyJxc2MiOiIzLjYxIiwicXNhIjoiMi45NiIsInFzcCI6IjIuODAifQ%3D%3D&sprefix=skii%2Caps%2C408&sr=8-24,2022-10-12
"Merino Wool Socks High Performance Compression Ski Socks Mens and Women Thermal Knee High Socks, 2 Pairs","
                    £25.99
                   ","
                      4.4 out of 5 stars
                     ","
                    39
                   ",https://www.amazon.com/Merino-Performance-Compression-Socks-Thermal/dp/B09MD5RHY3/ref=sr_1_25?crid=2CAHDTR5AV0UH&keywords=skII&qid=1665564619&qu=eyJxc2MiOiIzLjYxIiwicXNhIjoiMi45NiIsInFzcCI6IjIuODAifQ%3D%3D&sprefix=skii%2Caps%2C408&sr=8-25,2022-10-12
DREAM PAIRS Women’s Waterproof Wellington Duck Rain Boots Outdoor Ankle Low Heel Snow Boots Ladies Originals Lace-up Winter Boots,"
                    £29.99
                   ","
                      5.0 out of 5 stars
                     ","
                    1
                   ",https://www.amazon.com/DREAM-PAIRS-Originals-Waterproof-SDSB2211W-1/dp/B09ZLGFH4D/ref=sr_1_26?crid=2CAHDTR5AV0UH&keywords=skII&qid=1665564619&qu=eyJxc2MiOiIzLjYxIiwicXNhIjoiMi45NiIsInFzcCI6IjIuODAifQ%3D%3D&sprefix=skii%2Caps%2C408&sr=8-26,2022-10-12
"RAYZOR Ski Goggles Snowboard Goggles For Men & Women – OTG Ski Mask with UV400 Protection – Anti-Fog and Shatterproof Skiing Goggles, Anti-Glare Protective Goggles for Men Women Boys & Girls","
                    £21.95
                   ","
                      4.5 out of 5 stars
                     ","
                    869
                   ",https://www.amazon.com/Rayzor-Protection-Comfortable-Shatterproof-Snowmobiles/dp/B002MQ6LTY/ref=sr_1_27?crid=2CAHDTR5AV0UH&keywords=skII&qid=1665564619&qu=eyJxc2MiOiIzLjYxIiwicXNhIjoiMi45NiIsInFzcCI6IjIuODAifQ%3D%3D&sprefix=skii%2Caps%2C408&sr=8-27,2022-10-12
5 Pairs Mens High Performance Thermal Ski Socks - Multicoloured - Mens UK Size 6-11 (EU 39-45),"
                    £11.95
                   ","
                      4.3 out of 5 stars
                     ","
                    363
                   ",https://www.amazon.com/SX167-6-11-Mens-Socks-Pack-6-11/dp/B08M3QKF95/ref=sr_1_28?crid=2CAHDTR5AV0UH&keywords=skII&qid=1665564619&qu=eyJxc2MiOiIzLjYxIiwicXNhIjoiMi45NiIsInFzcCI6IjIuODAifQ%3D%3D&sprefix=skii%2Caps%2C408&sr=8-28,2022-10-12
"SPOSUNE OTG Ski Goggles - Over Glasses Snow Snowboard Goggle with Anti fog Dual lens for Men Women Youth Kids Skiing Skating Snowmobile, Windproof UV400 Protection Winter Sports Protective Glasses","
                    £25.99
                   ","
                      4.6 out of 5 stars
                     ","
                    705
                   ",https://www.amazon.com/SPOSUNE-Protection-Spherical-Snowboard-Compatible/dp/B07WP2LSLR/ref=sr_1_29?crid=2CAHDTR5AV0UH&keywords=skII&qid=1665564619&qu=eyJxc2MiOiIzLjYxIiwicXNhIjoiMi45NiIsInFzcCI6IjIuODAifQ%3D%3D&sprefix=skii%2Caps%2C408&sr=8-29,2022-10-12
SAITAG Balaclava Ski Mask Warm Face Mask for Cold Weather Winter Skiing Snowboarding Motorcycling Ice Fishing Men,"
                    £17.59
                   ","
                      4.6 out of 5 stars
                     ","
                    364
                   ",https://www.amazon.com/SAITAG-Balaclava-Weather-Snowboarding-Motorcycling/dp/B09D2VX1F6/ref=sr_1_30?crid=2CAHDTR5AV0UH&keywords=skII&qid=1665564619&qu=eyJxc2MiOiIzLjYxIiwicXNhIjoiMi45NiIsInFzcCI6IjIuODAifQ%3D%3D&sprefix=skii%2Caps%2C408&sr=8-30,2022-10-12
"2 Pairs Men's Wool Socks, 80% Merino, Hiking Walking Thermal Athletic Socks for Winter Outdoor Recreation Trekking Climbing(UK M-L)","
                    £11.99
                   ","
                      4.4 out of 5 stars
                     ","
                    513
                   ",https://www.amazon.com/Walking-Athletic-Recreation-Trekking-Climbing/dp/B07XGK6VDJ/ref=sr_1_31?crid=2CAHDTR5AV0UH&keywords=skII&qid=1665564619&qu=eyJxc2MiOiIzLjYxIiwicXNhIjoiMi45NiIsInFzcCI6IjIuODAifQ%3D%3D&sprefix=skii%2Caps%2C408&sr=8-31,2022-10-12
"Mountain Warehouse Kids Ski Jacket & Trousers Set - Snowproof Ski Outfit, Front Pockets, Fleece Lined Skiwear, Integrated Snowskirt - Best for Winter Snowboarding","
                    £59.99
                   ","
                      4.6 out of 5 stars
                     ","
                    1,423
                   ",https://www.amazon.com/Mountain-Warehouse-Kids-Jacket-Trousers/dp/B08SKQJ5R6/ref=sr_1_32?crid=2CAHDTR5AV0UH&keywords=skII&qid=1665564619&qu=eyJxc2MiOiIzLjYxIiwicXNhIjoiMi45NiIsInFzcCI6IjIuODAifQ%3D%3D&sprefix=skii%2Caps%2C408&sr=8-32,2022-10-12
"DANISH ENDURANCE Merino Wool Performance Ski Socks, Shin Padding, for Men, Women, Kids, 1 Pack","
                      £26.95
                     ","
                        4.4 out of 5 stars
                       ","
                      3,455
                     ",https://www.amazon.com/sspa/click?ie=UTF8&spc=MTo3ODAxMjgwNjY5Njk1NjU4OjE2NjU1NjQ2MTk6c3BfbXRmOjIwMDcwNDgxMjAzMTA4OjowOjo&sp_csd=d2lkZ2V0TmFtZT1zcF9tdGY&url=%2FDANISH-ENDURANCE-Alpine-Performance-Yellow%2Fdp%2FB07G4BYKTC%2Fref%3Dsr_1_33_sspa%3Fcrid%3D2CAHDTR5AV0UH%26keywords%3DskII%26qid%3D1665564619%26qu%3DeyJxc2MiOiIzLjYxIiwicXNhIjoiMi45NiIsInFzcCI6IjIuODAifQ%253D%253D%26sprefix%3Dskii%252Caps%252C408%26sr%3D8-33-spons%26psc%3D1,2022-10-12
AKSIUM ACCESS,"
                      £38.96
                     ","
                        4.5 out of 5 stars
                       ","
                      656
                     ",https://www.amazon.com/sspa/click?ie=UTF8&spc=MTo3ODAxMjgwNjY5Njk1NjU4OjE2NjU1NjQ2MTk6c3BfbXRmOjIwMDgxNTY2OTkzNTk4OjowOjo&sp_csd=d2lkZ2V0TmFtZT1zcF9tdGY&url=%2FSalomon-Aksium-Goggles-Universal-L40846100%2Fdp%2FB07WKN59J7%2Fref%3Dsr_1_34_sspa%3Fcrid%3D2CAHDTR5AV0UH%26keywords%3DskII%26qid%3D1665564619%26qu%3DeyJxc2MiOiIzLjYxIiwicXNhIjoiMi45NiIsInFzcCI6IjIuODAifQ%253D%253D%26sprefix%3Dskii%252Caps%252C408%26sr%3D8-34-spons%26psc%3D1,2022-10-12
"JVR Blackhead Remover Mask for Men, Bamboo Charcoal Peel Off Black Mask, Purifying & Deep Cleansing for All Skin Types 120g","
                      £9.99
                     ","
                        4.0 out of 5 stars
                       ","
                      504
                     ",https://www.amazon.com/sspa/click?ie=UTF8&spc=MTo3ODAxMjgwNjY5Njk1NjU4OjE2NjU1NjQ2MTk6c3BfbXRmOjIwMDc2NTczMzAyMzk4OjowOjo&sp_csd=d2lkZ2V0TmFtZT1zcF9tdGY&url=%2FJVR-Blackhead-Charcoal-Purifying-Cleansing%2Fdp%2FB087JBPNT5%2Fref%3Dsr_1_35_sspa%3Fcrid%3D2CAHDTR5AV0UH%26keywords%3DskII%26qid%3D1665564619%26qu%3DeyJxc2MiOiIzLjYxIiwicXNhIjoiMi45NiIsInFzcCI6IjIuODAifQ%253D%253D%26sprefix%3Dskii%252Caps%252C408%26sr%3D8-35-spons%26psc%3D1,2022-10-12
REN Clean Skincare Supersize Overnight Recovery Balm 50ml,"
                      £49.00
                     ",,"
                     (£98.00/100 ml)
                    ",https://www.amazon.com/sspa/click?ie=UTF8&spc=MTo3ODAxMjgwNjY5Njk1NjU4OjE2NjU1NjQ2MTk6c3BfbXRmOjIwMDY4Mjg2NjY1ODk4OjowOjo&sp_csd=d2lkZ2V0TmFtZT1zcF9tdGY&url=%2FREN-Clean-Skincare-Supersize-Overnight%2Fdp%2FB09NQFPQ4N%2Fref%3Dsr_1_36_sspa%3Fcrid%3D2CAHDTR5AV0UH%26keywords%3DskII%26qid%3D1665564619%26qu%3DeyJxc2MiOiIzLjYxIiwicXNhIjoiMi45NiIsInFzcCI6IjIuODAifQ%253D%253D%26smid%3DA3P5ROKL5A1OLE%26sprefix%3Dskii%252Caps%252C408%26sr%3D8-36-spons%26psc%3D1,2022-10-12
Blulu Ski Mask Winter Balaclava Ski Mask Warm Full Face Ski Mask Thermal Men Ski Mask 3 Hole Knit Face Mask for Outdoor Sports,"
                    £7.59
                   ","
                      3.9 out of 5 stars
                     ","
                    92
                   ",https://www.amazon.com/Winter-Balaclava-Thermal-3-Hole-Outdoor/dp/B09J16SXYJ/ref=sr_1_37?crid=2CAHDTR5AV0UH&keywords=skII&qid=1665564619&qu=eyJxc2MiOiIzLjYxIiwicXNhIjoiMi45NiIsInFzcCI6IjIuODAifQ%3D%3D&sprefix=skii%2Caps%2C408&sr=8-37,2022-10-12
"coskefy Thermal Gloves, -20℉ Coldproof Touchscreen Ski Gloves Waterproof Winter Gloves 3M Thinsulate Snow Gloves for Walking Snowboarding Hiking Outdoor","
                    £11.04
                   ","
                      4.5 out of 5 stars
                     ","
                    1,967
                   ",https://www.amazon.com/coskefy-Thermal-Thinsulate-Touchscreen-Snowboarding/dp/B07HGQMK4H/ref=sr_1_38?crid=2CAHDTR5AV0UH&keywords=skII&qid=1665564619&qu=eyJxc2MiOiIzLjYxIiwicXNhIjoiMi45NiIsInFzcCI6IjIuODAifQ%3D%3D&smid=A3PNIR7C4EEUQS&sprefix=skii%2Caps%2C408&sr=8-38,2022-10-12
BODY ARMOUR CE MOTORBIKE/MOTORCYCLE/MOTOCROSS SKIING SKATING SNOW BOARD IMPACT PADDED SPINE GUARD PROTECTIVE SUIT (M),"
                    £49.99
                   ","
                      3.5 out of 5 stars
                     ","
                    8
                   ",https://www.amazon.com/ARMOUR-MOTORBIKE-MOTORCYCLE-MOTOCROSS-PROTECTIVE/dp/B07DCFMPB3/ref=sr_1_39?crid=2CAHDTR5AV0UH&keywords=skII&qid=1665564619&qu=eyJxc2MiOiIzLjYxIiwicXNhIjoiMi45NiIsInFzcCI6IjIuODAifQ%3D%3D&sprefix=skii%2Caps%2C408&sr=8-39,2022-10-12
4 Pairs of Mens High Performance Thermal Ski Socks-Assorted-UK 6 - 11 ( Eur 39 - 45 ),"
                    £12.95
                   ","
                      4.5 out of 5 stars
                     ","
                    4,028
                   ",https://www.amazon.com/Pairs-Mens-Performance-Thermal-Socks-Assorted-UK/dp/B01N59WFGI/ref=sr_1_40?crid=2CAHDTR5AV0UH&keywords=skII&qid=1665564619&qu=eyJxc2MiOiIzLjYxIiwicXNhIjoiMi45NiIsInFzcCI6IjIuODAifQ%3D%3D&sprefix=skii%2Caps%2C408&sr=8-40,2022-10-12
Sakkas Booker Cashmere Feel Solid Colored Unisex Winter Scarf With Fringe,"
                    £12.99
                   ","
                      4.4 out of 5 stars
                     ","
                    443
                   ",https://www.amazon.com/Sakkas-1590-Booker-Cashmere-Colored/dp/B07CP2KVM9/ref=sr_1_42?crid=2CAHDTR5AV0UH&keywords=skII&qid=1665564619&qu=eyJxc2MiOiIzLjYxIiwicXNhIjoiMi45NiIsInFzcCI6IjIuODAifQ%3D%3D&sprefix=skii%2Caps%2C408&sr=8-42,2022-10-12
"L'Oréal Paris Perfect Golden Age Re-Activating Essence, 125ml","
                    £16.99
                   ","
                      4.5 out of 5 stars
                     ","
                    631
                   ",https://www.amazon.com/LOr%C3%A9al-Perfect-Golden-Re-Activating-Essence/dp/B01AIPJ4A8/ref=sr_1_43?crid=2CAHDTR5AV0UH&keywords=skII&qid=1665564619&qu=eyJxc2MiOiIzLjYxIiwicXNhIjoiMi45NiIsInFzcCI6IjIuODAifQ%3D%3D&sprefix=skii%2Caps%2C408&sr=8-43,2022-10-12
donhobo Men's Fleece Jacket Winter Waterproof Warm Ski Jackets Windproof Coat With Zip Pockets Hood,"
                    £51.98
                   ","
                      4.4 out of 5 stars
                     ","
                    2,559
                   ",https://www.amazon.com/donhobo-Waterproof-Jackets-Windproof-Pockets/dp/B0787PLRXM/ref=sr_1_44?crid=2CAHDTR5AV0UH&keywords=skII&qid=1665564619&qu=eyJxc2MiOiIzLjYxIiwicXNhIjoiMi45NiIsInFzcCI6IjIuODAifQ%3D%3D&sprefix=skii%2Caps%2C408&sr=8-44,2022-10-12
Sock Stack 4 Pairs Of Mens Performance Ski Sock Long Thermal Heat Pro Winter Cushioned Arch Support Snowboard Socks With Full Terry Socks UK Size 6-11,"
                    £9.95
                   ","
                      4.2 out of 5 stars
                     ","
                    223
                   ",https://www.amazon.com/Sock-Stack-Performance-Cushioned-Snowboard/dp/B07YRXCDVJ/ref=sr_1_45?crid=2CAHDTR5AV0UH&keywords=skII&qid=1665564619&qu=eyJxc2MiOiIzLjYxIiwicXNhIjoiMi45NiIsInFzcCI6IjIuODAifQ%3D%3D&sprefix=skii%2Caps%2C408&sr=8-45,2022-10-12
DREAM PAIRS Boys Girls Faux Fur Lined Winter Snow Boots (Toddler/Little Kid/Big Kid) Shorty-K,"
                    £29.99
                   ","
                      4.6 out of 5 stars
                     ","
                    6,149
                   ",https://www.amazon.com/Dream-Shorty-K-Chesnut-Sheepskin-Winter/dp/B07MZSY43Q/ref=sr_1_46?crid=2CAHDTR5AV0UH&keywords=skII&qid=1665564619&qu=eyJxc2MiOiIzLjYxIiwicXNhIjoiMi45NiIsInFzcCI6IjIuODAifQ%3D%3D&sprefix=skii%2Caps%2C408&sr=8-46,2022-10-12
"SECRET KEY Starting Treatment Essence Rose Edition 5.07 fl.oz. (150ml) - 94% Galactonyces Fermented Filtrate & Rose Flower Water, Anti-Wrikle & Moisturizing First Step Skin Care Essence, Paraben Free","
                    £23.95
                   ","
                      4.6 out of 5 stars
                     ","
                    206
                   ",https://www.amazon.com/Secret-Key-Starting-Treatment-Essence_Rose/dp/B01HCH690S/ref=sr_1_47?crid=2CAHDTR5AV0UH&keywords=skII&qid=1665564619&qu=eyJxc2MiOiIzLjYxIiwicXNhIjoiMi45NiIsInFzcCI6IjIuODAifQ%3D%3D&sprefix=skii%2Caps%2C408&sr=8-47,2022-10-12
4 Pairs High Performance Ladies Ski Socks Long Hose Thermal Socks-Assorted-UK 4 - 7,"
                    £12.95
                   ","
                      4.5 out of 5 stars
                     ","
                    2,891
                   ",https://www.amazon.com/Pairs-Performance-Ladies-Thermal-Socks-Assorted-UK/dp/B01N5MCB4M/ref=sr_1_48?crid=2CAHDTR5AV0UH&keywords=skII&qid=1665564619&qu=eyJxc2MiOiIzLjYxIiwicXNhIjoiMi45NiIsInFzcCI6IjIuODAifQ%3D%3D&sprefix=skii%2Caps%2C408&sr=8-48,2022-10-12
"Odoland OTG Ski Goggles Set with Detachable Lens, Frameless Interchangeable Magnetic Lens for Skiing Skating Snowboard, Anti-Fog and UV400 Protection Snow Goggles for Men and Women","
                    £39.99
                   ","
                      4.6 out of 5 stars
                     ","
                    492
                   ",https://www.amazon.com/Odoland-Detachable-Interchangeable-Snowmobiles-Protection/dp/B08CGZMM1C/ref=sr_1_50?crid=2CAHDTR5AV0UH&keywords=skII&qid=1665564619&qu=eyJxc2MiOiIzLjYxIiwicXNhIjoiMi45NiIsInFzcCI6IjIuODAifQ%3D%3D&sprefix=skii%2Caps%2C408&sr=8-50,2022-10-12
"Winter Neck Warmer Neck Gaiter Ski Snood for Men with Thermal Fleece Waterproof Fabric, Face Covering Multifunction Headwear Elastic Tube Face Scarf Face Shield for Sports Cycling Skiing, Running","
                    £8.99
                   ","
                      4.4 out of 5 stars
                     ","
                    607
                   ",https://www.amazon.com/Thermal-Waterproof-Covering-Multifunction-Headwear/dp/B08P3JBG38/ref=sr_1_51?crid=2CAHDTR5AV0UH&keywords=skII&qid=1665564619&qu=eyJxc2MiOiIzLjYxIiwicXNhIjoiMi45NiIsInFzcCI6IjIuODAifQ%3D%3D&sprefix=skii%2Caps%2C408&sr=8-51,2022-10-12
"DANISH ENDURANCE Merino Wool Performance Ski Socks, Shin Padding, for Men, Women, Kids, 1 Pack","
                    £26.95
                   ","
                      4.4 out of 5 stars
                     ","
                    3,455
                   ",https://www.amazon.com/DANISH-ENDURANCE-Alpine-Performance-Socks/dp/B07HKB1RS2/ref=sr_1_52?crid=2CAHDTR5AV0UH&keywords=skII&qid=1665564619&qu=eyJxc2MiOiIzLjYxIiwicXNhIjoiMi45NiIsInFzcCI6IjIuODAifQ%3D%3D&sprefix=skii%2Caps%2C408&sr=8-52,2022-10-12
"findway Ski Goggles, Skiing Goggles For Snowboard Jet Snow, For Women Men Ladies Youth Teen OTG Over Helmet Compatible, Anti-fog 100% UV Protection, Anti-glare Ski Goggles, For Skiing Snowboarding","
                    £19.99
                   ","
                      4.5 out of 5 stars
                     ","
                    1,258
                   ",https://www.amazon.com/findway-Compatible-Protection-Anti-glare-Snowboarding/dp/B07MVWWZ3X/ref=sr_1_53?crid=2CAHDTR5AV0UH&keywords=skII&qid=1665564619&qu=eyJxc2MiOiIzLjYxIiwicXNhIjoiMi45NiIsInFzcCI6IjIuODAifQ%3D%3D&sprefix=skii%2Caps%2C408&sr=8-53,2022-10-12
"DANISH ENDURANCE Merino Wool Performance Ski Socks, Shin Padding, for Men, Women, Kids, 2 Pack","
                    £37.95
                   ","
                      4.5 out of 5 stars
                     ","
                    827
                   ",https://www.amazon.com/Alpine-Performance-Socks-packs-Multicolour/dp/B07XYZXYCS/ref=sr_1_54?crid=2CAHDTR5AV0UH&keywords=skII&qid=1665564619&qu=eyJxc2MiOiIzLjYxIiwicXNhIjoiMi45NiIsInFzcCI6IjIuODAifQ%3D%3D&sprefix=skii%2Caps%2C408&sr=8-54,2022-10-12
YEKEYI Women Balaclava Hood hat Winter Cashmere Knitted Beanie Hats Ski Mask Ski Cap Outdoor,"
                    £19.99
                   ","
                      3.9 out of 5 stars
                     ","
                    23
                   ",https://www.amazon.com/YEKEYI-Balaclava-Cashmere-Knitted-Outdoor/dp/B08MT6ZZ4F/ref=sr_1_55?crid=2CAHDTR5AV0UH&keywords=skII&qid=1665564619&qu=eyJxc2MiOiIzLjYxIiwicXNhIjoiMi45NiIsInFzcCI6IjIuODAifQ%3D%3D&sprefix=skii%2Caps%2C408&sr=8-55,2022-10-12
GG ST Balaclava Windproof Ski Mask Winter Thermal Fleece Hood Heavyweight Neck Warmer Snood Outdoor Sports Face Covers Hat For Men & Women,"
                    £13.99
                   ","
                      4.3 out of 5 stars
                     ","
                    2,607
                   ",https://www.amazon.com/GG-ST-Balaclava-Windproof-Heavyweight/dp/B07GNTHWN6/ref=sr_1_56?crid=2CAHDTR5AV0UH&keywords=skII&qid=1665564619&qu=eyJxc2MiOiIzLjYxIiwicXNhIjoiMi45NiIsInFzcCI6IjIuODAifQ%3D%3D&sprefix=skii%2Caps%2C408&sr=8-56,2022-10-12
donhobo Men's Fleece Jacket Winter Waterproof Warm Ski Jackets Windproof Coat With Zip Pockets Hood,"
                      £51.98
                     ","
                        4.4 out of 5 stars
                       ","
                      2,559
                     ",https://www.amazon.com/sspa/click?ie=UTF8&spc=MTo3ODAxMjgwNjY5Njk1NjU4OjE2NjU1NjQ2MTk6c3BfYnRmOjIwMDQzMDM2MDk2MjA2OjowOjo&sp_csd=d2lkZ2V0TmFtZT1zcF9idGY&url=%2Fdonhobo-Waterproof-Jackets-Windproof-Pockets%2Fdp%2FB0787PLRXM%2Fref%3Dsr_1_57_sspa%3Fcrid%3D2CAHDTR5AV0UH%26keywords%3DskII%26qid%3D1665564619%26qu%3DeyJxc2MiOiIzLjYxIiwicXNhIjoiMi45NiIsInFzcCI6IjIuODAifQ%253D%253D%26sprefix%3Dskii%252Caps%252C408%26sr%3D8-57-spons%26psc%3D1,2022-10-12
"NIVEA Cellular LUMINOUS 630 Anti-Dark Spot Advanced Treatment Serum (30ml), Face Serum for Women, Facial Serum For Luminous Skin","
                      £10.00
                     ","
                        4.3 out of 5 stars
                       ","
                      520
                     ",https://www.amazon.com/sspa/click?ie=UTF8&spc=MTo3ODAxMjgwNjY5Njk1NjU4OjE2NjU1NjQ2MTk6c3BfYnRmOjIwMDI3OTMzOTI2ODk4OjowOjo&sp_csd=d2lkZ2V0TmFtZT1zcF9idGY&url=%2FNIVEA-Cellular-LUMINOUS-Anti-Dark-Treatment%2Fdp%2FB096R4DM7Y%2Fref%3Dsr_1_58_sspa%3Fcrid%3D2CAHDTR5AV0UH%26keywords%3DskII%26qid%3D1665564619%26qu%3DeyJxc2MiOiIzLjYxIiwicXNhIjoiMi45NiIsInFzcCI6IjIuODAifQ%253D%253D%26smid%3DA3P5ROKL5A1OLE%26sprefix%3Dskii%252Caps%252C408%26sr%3D8-58-spons%26psc%3D1,2022-10-12
"RAYZOR Ski Goggles Snowboard Goggles For Men & Women – OTG Ski Mask with UV400 Protection – Anti-Fog and Shatterproof Skiing Goggles, Anti-Glare Protective Goggles for Men Women Boys & Girls","
                      £21.95
                     ","
                        4.5 out of 5 stars
                       ","
                      869
                     ",https://www.amazon.com/sspa/click?ie=UTF8&spc=MTo3ODAxMjgwNjY5Njk1NjU4OjE2NjU1NjQ2MTk6c3BfYXRmOjIwMDE2NTI2MzAyMzk4OjowOjo&sp_csd=d2lkZ2V0TmFtZT1zcF9hdGY&url=%2FRayzor-Protection-Comfortable-Shatterproof-Snowmobiles%2Fdp%2FB002MQ6LTY%2Fref%3Dsr_1_1_sspa%3Fcrid%3D2CAHDTR5AV0UH%26keywords%3DskII%26qid%3D1665564619%26qu%3DeyJxc2MiOiIzLjYxIiwicXNhIjoiMi45NiIsInFzcCI6IjIuODAifQ%253D%253D%26sprefix%3Dskii%252Caps%252C408%26sr%3D8-1-spons%26psc%3D1,2022-10-12
Handle Double Shoulder Strap Easily 2Pcs Activities Fixing Fixing Belt Skis Strap Power Training Convenient for Family Skiing Activities,"
                      £10.49
                     ",,,https://www.amazon.com/sspa/click?ie=UTF8&spc=MTo3ODAxMjgwNjY5Njk1NjU4OjE2NjU1NjQ2MTk6c3BfYXRmOjIwMDcxMjg1MDcwMjk4OjowOjo&sp_csd=d2lkZ2V0TmFtZT1zcF9hdGY&url=%2FHandle-Shoulder-Activities-Training-Convenient%2Fdp%2FB09285W6B1%2Fref%3Dsr_1_2_sspa%3Fcrid%3D2CAHDTR5AV0UH%26keywords%3DskII%26qid%3D1665564619%26qu%3DeyJxc2MiOiIzLjYxIiwicXNhIjoiMi45NiIsInFzcCI6IjIuODAifQ%253D%253D%26sprefix%3Dskii%252Caps%252C408%26sr%3D8-2-spons%26psc%3D1,2022-10-12
IMIKEYA 6pcs Ski Straps Adjustable Ski Wraps Ties Ski Board Carrier Fastener Tape Colorful Tape Strap Band for Outdoor Skiing,"
                      £13.29
                     ",,,https://www.amazon.com/sspa/click?ie=UTF8&spc=MTo3ODAxMjgwNjY5Njk1NjU4OjE2NjU1NjQ2MTk6c3BfYXRmOjIwMDU5ODYxMzgwNjAxOjowOjo&sp_csd=d2lkZ2V0TmFtZT1zcF9hdGY&url=%2FIMIKEYA-Adjustable-Carrier-Fastener-Colorful%2Fdp%2FB08YQRQ6B7%2Fref%3Dsr_1_3_sspa%3Fcrid%3D2CAHDTR5AV0UH%26keywords%3DskII%26qid%3D1665564619%26qu%3DeyJxc2MiOiIzLjYxIiwicXNhIjoiMi45NiIsInFzcCI6IjIuODAifQ%253D%253D%26sprefix%3Dskii%252Caps%252C408%26sr%3D8-3-spons%26psc%3D1,2022-10-12
"Pinsofy Ski Shoulder Carrier, Power Training Portable Ski and Pole Carrier Strap, Adjustable 43.3in Skiing Skiers Pole for Fixing Ski","
                      £10.18
                     ",,,https://www.amazon.com/sspa/click?ie=UTF8&spc=MTo3ODAxMjgwNjY5Njk1NjU4OjE2NjU1NjQ2MTk6c3BfYXRmOjIwMDQ2NTYyNDczMjAyOjowOjo&sp_csd=d2lkZ2V0TmFtZT1zcF9hdGY&url=%2FPinsofy-Shoulder-Training-Portable-Adjustable%2Fdp%2FB08P93CBQV%2Fref%3Dsr_1_4_sspa%3Fcrid%3D2CAHDTR5AV0UH%26keywords%3DskII%26qid%3D1665564619%26qu%3DeyJxc2MiOiIzLjYxIiwicXNhIjoiMi45NiIsInFzcCI6IjIuODAifQ%253D%253D%26sprefix%3Dskii%252Caps%252C408%26sr%3D8-4-spons%26psc%3D1,2022-10-12
SK-II Facial Treatment Essence Pitera 7.7oz,"
                    £212.00
                   ","
                      4.4 out of 5 stars
                     ","
                    237
                   ",https://www.amazon.com/SK-II-Facial-Treatment-Essence-Pitera/dp/B01M599DYT/ref=sr_1_5?crid=2CAHDTR5AV0UH&keywords=skII&qid=1665564619&qu=eyJxc2MiOiIzLjYxIiwicXNhIjoiMi45NiIsInFzcCI6IjIuODAifQ%3D%3D&sprefix=skii%2Caps%2C408&sr=8-5,2022-10-12
SK-II GENOPTICS Aura Essence 50ml 2016,"
                    £174.95
                   ","
                      4.1 out of 5 stars
                     ","
                    76
                   ",https://www.amazon.com/SK-II-GENOPTICS-AURA-ESSENCE-50ml/dp/B01BF1SC6Q/ref=sr_1_6?crid=2CAHDTR5AV0UH&keywords=skII&qid=1665564619&qu=eyJxc2MiOiIzLjYxIiwicXNhIjoiMi45NiIsInFzcCI6IjIuODAifQ%3D%3D&sprefix=skii%2Caps%2C408&sr=8-6,2022-10-12
SK-II Facial Treatment Gentle Cleanser - 120ml,"
                    £77.00
                   ","
                      4.1 out of 5 stars
                     ","
                    66
                   ",https://www.amazon.com/SK-II-Cleanser-Facial-Treatment/dp/B00ANEU7HY/ref=sr_1_7?crid=2CAHDTR5AV0UH&keywords=skII&qid=1665564619&qu=eyJxc2MiOiIzLjYxIiwicXNhIjoiMi45NiIsInFzcCI6IjIuODAifQ%3D%3D&sprefix=skii%2Caps%2C408&sr=8-7,2022-10-12
SK-II - Facial Treatment Clear Lotion (230ml),"
                    £83.95
                   ","
                      4.4 out of 5 stars
                     ","
                    189
                   ",https://www.amazon.com/SK-II-Facial-Treatment-Clear-Lotion/dp/B06ZZYQXJG/ref=sr_1_8?crid=2CAHDTR5AV0UH&keywords=skII&qid=1665564619&qu=eyJxc2MiOiIzLjYxIiwicXNhIjoiMi45NiIsInFzcCI6IjIuODAifQ%3D%3D&sprefix=skii%2Caps%2C408&sr=8-8,2022-10-12
Facial Treatment Mask SKII 10 Pcs Treatment For Unisex,"
                    £116.68
                   ","
                      4.4 out of 5 stars
                     ","
                    203
                   ",https://www.amazon.com/Facial-Treatment-Mask-SKII-Unisex/dp/B00JDVP18S/ref=sr_1_9?crid=2CAHDTR5AV0UH&keywords=skII&qid=1665564619&qu=eyJxc2MiOiIzLjYxIiwicXNhIjoiMi45NiIsInFzcCI6IjIuODAifQ%3D%3D&sprefix=skii%2Caps%2C408&sr=8-9,2022-10-12
SK II Facial Treatment Essence 230ml,"
                    £177.21
                   ","
                      4.3 out of 5 stars
                     ","
                    526
                   ",https://www.amazon.com/SK-Facial-Treatment-Essence-230ml/dp/B01296JRMO/ref=sr_1_10?crid=2CAHDTR5AV0UH&keywords=skII&qid=1665564619&qu=eyJxc2MiOiIzLjYxIiwicXNhIjoiMi45NiIsInFzcCI6IjIuODAifQ%3D%3D&sprefix=skii%2Caps%2C408&sr=8-10,2022-10-12
SK-II R.N.A Power Radical New Age Eye Cream 0.5oz,"
                    £99.98
                   ","
                      4.0 out of 5 stars
                     ","
                    121
                   ",https://www.amazon.com/SK-II-Power-Radical-Cream-0-5oz/dp/B0716JS4KX/ref=sr_1_11?crid=2CAHDTR5AV0UH&keywords=skII&qid=1665564619&qu=eyJxc2MiOiIzLjYxIiwicXNhIjoiMi45NiIsInFzcCI6IjIuODAifQ%3D%3D&sprefix=skii%2Caps%2C408&sr=8-11,2022-10-12
DREAM PAIRS Womens Outdoor Snow Boots Ladies Winter Boot Waterproof Lightweight Warm Fashion Shoes,"
                    £34.99
                   ","
                      5.0 out of 5 stars
                     ","
                    1
                   ",https://www.amazon.com/DREAM-PAIRS-Waterproof-Lightweight-SDSB2213W/dp/B09ZLGYNR7/ref=sr_1_12?crid=2CAHDTR5AV0UH&keywords=skII&qid=1665564619&qu=eyJxc2MiOiIzLjYxIiwicXNhIjoiMi45NiIsInFzcCI6IjIuODAifQ%3D%3D&sprefix=skii%2Caps%2C408&sr=8-12,2022-10-12
"Morrisons Chocolate Mousse 6 Pots, 360 g","
                    £1.25
                   ","
                      4.4 out of 5 stars
                     ","
                    702
                   ",https://www.amazon.com/Morrisons-Chocolate-Mousse-60g-pots/dp/B01AWH2NJ6/ref=sr_1_13_f3_0o_morri?crid=2CAHDTR5AV0UH&keywords=skII&qid=1665564619&qu=eyJxc2MiOiIzLjYxIiwicXNhIjoiMi45NiIsInFzcCI6IjIuODAifQ%3D%3D&sprefix=skii%2Caps%2C408&sr=8-13,2022-10-12
"Paula's Choice Skin Perfecting 2% BHA Liquid Exfoliant - Face Exfoliating Peel Fights Blackheads, Breakouts & Enlarged Pores - with Salicylic Acid - Combination, Oily & Acne Prone Skin - 118 ml","
                    £33.00
                   ","
                      4.5 out of 5 stars
                     ","
                    13,124
                   ",https://www.amazon.com/Paulas-Choice-Perfecting-Liquid-Exfoliant/dp/B07PCSNFLP/ref=sr_1_14?crid=2CAHDTR5AV0UH&keywords=skII&qid=1665564619&qu=eyJxc2MiOiIzLjYxIiwicXNhIjoiMi45NiIsInFzcCI6IjIuODAifQ%3D%3D&sprefix=skii%2Caps%2C408&sr=8-14,2022-10-12
MEDIHEAL Official [Korea's No 1 Sheet Mask] - Collagen Essential Lifting & Firming Mask (5 Masks),"
                    £11.05
                   ","
                      4.6 out of 5 stars
                     ","
                    1,392
                   ",https://www.amazon.com/MEDIHEAL-Official-Koreas-Sheet-Mask/dp/B07T32XPCW/ref=sr_1_15?crid=2CAHDTR5AV0UH&keywords=skII&qid=1665564619&qu=eyJxc2MiOiIzLjYxIiwicXNhIjoiMi45NiIsInFzcCI6IjIuODAifQ%3D%3D&sprefix=skii%2Caps%2C408&sr=8-15,2022-10-12
"OutdoorMaster Ski Goggles PRO - Frameless, Interchangeable Lens 100% UV400 Protection Snow Goggles for Men & Women","
                    £37.99
                   ","
                      4.6 out of 5 stars
                     ","
                    7,834
                   ",https://www.amazon.com/OutdoorMaster-Ski-Goggles-PRO-Interchangeable/dp/B014XKTFI0/ref=sr_1_16?crid=2CAHDTR5AV0UH&keywords=skII&qid=1665564619&qu=eyJxc2MiOiIzLjYxIiwicXNhIjoiMi45NiIsInFzcCI6IjIuODAifQ%3D%3D&sprefix=skii%2Caps%2C408&sr=8-16,2022-10-12
Retinol Moisturizer for Face (120ml) – Anti Ageing Face Cream Reduces Scars Ance and Wrinkles with Hyaluronic Acid and Vitamin E,"
                    £18.88
                   ","
                      4.2 out of 5 stars
                     ","
                    7,345
                   ",https://www.amazon.com/2-5-Retinol-Moisturizer-Face-120ml/dp/B017XZVYMC/ref=sr_1_17?crid=2CAHDTR5AV0UH&keywords=skII&qid=1665564619&qu=eyJxc2MiOiIzLjYxIiwicXNhIjoiMi45NiIsInFzcCI6IjIuODAifQ%3D%3D&sprefix=skii%2Caps%2C408&sr=8-17,2022-10-12
Skinfood Facial Mask Rice Wash Off - 3.52 Oz,"
                    £13.00
                   ","
                      4.4 out of 5 stars
                     ","
                    127
                   ",https://www.amazon.com/Skin-food-Rice-Mask-Ounce/dp/B004FKNYWW/ref=sr_1_18?crid=2CAHDTR5AV0UH&keywords=skII&qid=1665564619&qu=eyJxc2MiOiIzLjYxIiwicXNhIjoiMi45NiIsInFzcCI6IjIuODAifQ%3D%3D&sprefix=skii%2Caps%2C408&sr=8-18,2022-10-12
Balaclava Ski Mask for Men Women Face Mask for Cold Weather Winter Windproof Outdoors in Winter Neck Warmer Multifunctional Sports Cold Weather Gear,"
                    £12.88
                   ","
                      4.1 out of 5 stars
                     ","
                    1,748
                   ",https://www.amazon.com/Balaclava-Windproof-Motorcycle-Multifunctional-Snowboard/dp/B0756RNPR8/ref=sr_1_19?crid=2CAHDTR5AV0UH&keywords=skII&qid=1665564619&qu=eyJxc2MiOiIzLjYxIiwicXNhIjoiMi45NiIsInFzcCI6IjIuODAifQ%3D%3D&sprefix=skii%2Caps%2C408&sr=8-19,2022-10-12
"SLOPE WARRIOR Cosmic Rider Merino Wool Alpine Performance Socks, for Men, Women, Shin Padding, Fast Drying, Warm, Knee High Thermal Socks for Ski, Snowboarding and Mountaineering","
                    £18.60
                   ","
                      4.1 out of 5 stars
                     ","
                    4
                   ",https://www.amazon.com/SLOPE-WARRIOR-Cosmic-Rider-High-Performance/dp/B07SX7RL28/ref=sr_1_20?crid=2CAHDTR5AV0UH&keywords=skII&qid=1665564619&qu=eyJxc2MiOiIzLjYxIiwicXNhIjoiMi45NiIsInFzcCI6IjIuODAifQ%3D%3D&sprefix=skii%2Caps%2C408&sr=8-20,2022-10-12
NORTIV 8 Men's 170410 Insulated Waterproof Construction Hiking Winter Snow Boots,"
                    £46.99
                   ","
                      4.4 out of 5 stars
                     ","
                    4,198
                   ",https://www.amazon.com/NORTIV-170410-Waterproof-Winter-Boots/dp/B07FS7B753/ref=sr_1_21?crid=2CAHDTR5AV0UH&keywords=skII&qid=1665564619&qu=eyJxc2MiOiIzLjYxIiwicXNhIjoiMi45NiIsInFzcCI6IjIuODAifQ%3D%3D&sprefix=skii%2Caps%2C408&sr=8-21,2022-10-12
"Snowledge Ski Snowboard Goggles with UV400 Protection, Skiing Snowboarding Goggles of Dual Lens with Anti Fog for Men, Women,Helmet Compatible","
                    £27.99
                   ","
                      4.5 out of 5 stars
                     ","
                    782
                   ",https://www.amazon.com/Snowledge-Snowboard-Goggles-Protection-Compatible/dp/B07GQN2PJ4/ref=sr_1_22?crid=2CAHDTR5AV0UH&keywords=skII&qid=1665564619&qu=eyJxc2MiOiIzLjYxIiwicXNhIjoiMi45NiIsInFzcCI6IjIuODAifQ%3D%3D&sprefix=skii%2Caps%2C408&sr=8-22,2022-10-12
"Merino Wool Ski Socks, Cold Weather Knee-High Thermal Socks for Winter, Snow, Snowboarding, Hiking","
                    £22.31
                   ","
                      4.7 out of 5 stars
                     ","
                    122
                   ",https://www.amazon.com/Merino-Weather-Knee-High-Thermal-Snowboarding/dp/B09M3HCSGS/ref=sr_1_23?crid=2CAHDTR5AV0UH&keywords=skII&qid=1665564619&qu=eyJxc2MiOiIzLjYxIiwicXNhIjoiMi45NiIsInFzcCI6IjIuODAifQ%3D%3D&sprefix=skii%2Caps%2C408&sr=8-23,2022-10-12
OutdoorMaster Ski Goggles PRO Replacement Lens,"
                    £27.99
                   ","
                      4.6 out of 5 stars
                     ","
                    2,372
                   ",https://www.amazon.com/OutdoorMaster-Ski-Goggles-Replacement-Lens/dp/B074JY1NHC/ref=sr_1_24?crid=2CAHDTR5AV0UH&keywords=skII&qid=1665564619&qu=eyJxc2MiOiIzLjYxIiwicXNhIjoiMi45NiIsInFzcCI6IjIuODAifQ%3D%3D&sprefix=skii%2Caps%2C408&sr=8-24,2022-10-12
"Merino Wool Socks High Performance Compression Ski Socks Mens and Women Thermal Knee High Socks, 2 Pairs","
                    £25.99
                   ","
                      4.4 out of 5 stars
                     ","
                    39
                   ",https://www.amazon.com/Merino-Performance-Compression-Socks-Thermal/dp/B09MD5RHY3/ref=sr_1_25?crid=2CAHDTR5AV0UH&keywords=skII&qid=1665564619&qu=eyJxc2MiOiIzLjYxIiwicXNhIjoiMi45NiIsInFzcCI6IjIuODAifQ%3D%3D&sprefix=skii%2Caps%2C408&sr=8-25,2022-10-12
DREAM PAIRS Women’s Waterproof Wellington Duck Rain Boots Outdoor Ankle Low Heel Snow Boots Ladies Originals Lace-up Winter Boots,"
                    £29.99
                   ","
                      5.0 out of 5 stars
                     ","
                    1
                   ",https://www.amazon.com/DREAM-PAIRS-Originals-Waterproof-SDSB2211W-1/dp/B09ZLGFH4D/ref=sr_1_26?crid=2CAHDTR5AV0UH&keywords=skII&qid=1665564619&qu=eyJxc2MiOiIzLjYxIiwicXNhIjoiMi45NiIsInFzcCI6IjIuODAifQ%3D%3D&sprefix=skii%2Caps%2C408&sr=8-26,2022-10-12
"RAYZOR Ski Goggles Snowboard Goggles For Men & Women – OTG Ski Mask with UV400 Protection – Anti-Fog and Shatterproof Skiing Goggles, Anti-Glare Protective Goggles for Men Women Boys & Girls","
                    £21.95
                   ","
                      4.5 out of 5 stars
                     ","
                    869
                   ",https://www.amazon.com/Rayzor-Protection-Comfortable-Shatterproof-Snowmobiles/dp/B002MQ6LTY/ref=sr_1_27?crid=2CAHDTR5AV0UH&keywords=skII&qid=1665564619&qu=eyJxc2MiOiIzLjYxIiwicXNhIjoiMi45NiIsInFzcCI6IjIuODAifQ%3D%3D&sprefix=skii%2Caps%2C408&sr=8-27,2022-10-12
5 Pairs Mens High Performance Thermal Ski Socks - Multicoloured - Mens UK Size 6-11 (EU 39-45),"
                    £11.95
                   ","
                      4.3 out of 5 stars
                     ","
                    363
                   ",https://www.amazon.com/SX167-6-11-Mens-Socks-Pack-6-11/dp/B08M3QKF95/ref=sr_1_28?crid=2CAHDTR5AV0UH&keywords=skII&qid=1665564619&qu=eyJxc2MiOiIzLjYxIiwicXNhIjoiMi45NiIsInFzcCI6IjIuODAifQ%3D%3D&sprefix=skii%2Caps%2C408&sr=8-28,2022-10-12
"SPOSUNE OTG Ski Goggles - Over Glasses Snow Snowboard Goggle with Anti fog Dual lens for Men Women Youth Kids Skiing Skating Snowmobile, Windproof UV400 Protection Winter Sports Protective Glasses","
                    £25.99
                   ","
                      4.6 out of 5 stars
                     ","
                    705
                   ",https://www.amazon.com/SPOSUNE-Protection-Spherical-Snowboard-Compatible/dp/B07WP2LSLR/ref=sr_1_29?crid=2CAHDTR5AV0UH&keywords=skII&qid=1665564619&qu=eyJxc2MiOiIzLjYxIiwicXNhIjoiMi45NiIsInFzcCI6IjIuODAifQ%3D%3D&sprefix=skii%2Caps%2C408&sr=8-29,2022-10-12
SAITAG Balaclava Ski Mask Warm Face Mask for Cold Weather Winter Skiing Snowboarding Motorcycling Ice Fishing Men,"
                    £17.59
                   ","
                      4.6 out of 5 stars
                     ","
                    364
                   ",https://www.amazon.com/SAITAG-Balaclava-Weather-Snowboarding-Motorcycling/dp/B09D2VX1F6/ref=sr_1_30?crid=2CAHDTR5AV0UH&keywords=skII&qid=1665564619&qu=eyJxc2MiOiIzLjYxIiwicXNhIjoiMi45NiIsInFzcCI6IjIuODAifQ%3D%3D&sprefix=skii%2Caps%2C408&sr=8-30,2022-10-12
"2 Pairs Men's Wool Socks, 80% Merino, Hiking Walking Thermal Athletic Socks for Winter Outdoor Recreation Trekking Climbing(UK M-L)","
                    £11.99
                   ","
                      4.4 out of 5 stars
                     ","
                    513
                   ",https://www.amazon.com/Walking-Athletic-Recreation-Trekking-Climbing/dp/B07XGK6VDJ/ref=sr_1_31?crid=2CAHDTR5AV0UH&keywords=skII&qid=1665564619&qu=eyJxc2MiOiIzLjYxIiwicXNhIjoiMi45NiIsInFzcCI6IjIuODAifQ%3D%3D&sprefix=skii%2Caps%2C408&sr=8-31,2022-10-12
"Mountain Warehouse Kids Ski Jacket & Trousers Set - Snowproof Ski Outfit, Front Pockets, Fleece Lined Skiwear, Integrated Snowskirt - Best for Winter Snowboarding","
                    £59.99
                   ","
                      4.6 out of 5 stars
                     ","
                    1,423
                   ",https://www.amazon.com/Mountain-Warehouse-Kids-Jacket-Trousers/dp/B08SKQJ5R6/ref=sr_1_32?crid=2CAHDTR5AV0UH&keywords=skII&qid=1665564619&qu=eyJxc2MiOiIzLjYxIiwicXNhIjoiMi45NiIsInFzcCI6IjIuODAifQ%3D%3D&sprefix=skii%2Caps%2C408&sr=8-32,2022-10-12
"DANISH ENDURANCE Merino Wool Performance Ski Socks, Shin Padding, for Men, Women, Kids, 1 Pack","
                      £26.95
                     ","
                        4.4 out of 5 stars
                       ","
                      3,455
                     ",https://www.amazon.com/sspa/click?ie=UTF8&spc=MTo3ODAxMjgwNjY5Njk1NjU4OjE2NjU1NjQ2MTk6c3BfbXRmOjIwMDcwNDgxMjAzMTA4OjowOjo&sp_csd=d2lkZ2V0TmFtZT1zcF9tdGY&url=%2FDANISH-ENDURANCE-Alpine-Performance-Yellow%2Fdp%2FB07G4BYKTC%2Fref%3Dsr_1_33_sspa%3Fcrid%3D2CAHDTR5AV0UH%26keywords%3DskII%26qid%3D1665564619%26qu%3DeyJxc2MiOiIzLjYxIiwicXNhIjoiMi45NiIsInFzcCI6IjIuODAifQ%253D%253D%26sprefix%3Dskii%252Caps%252C408%26sr%3D8-33-spons%26psc%3D1,2022-10-12
AKSIUM ACCESS,"
                      £38.96
                     ","
                        4.5 out of 5 stars
                       ","
                      656
                     ",https://www.amazon.com/sspa/click?ie=UTF8&spc=MTo3ODAxMjgwNjY5Njk1NjU4OjE2NjU1NjQ2MTk6c3BfbXRmOjIwMDgxNTY2OTkzNTk4OjowOjo&sp_csd=d2lkZ2V0TmFtZT1zcF9tdGY&url=%2FSalomon-Aksium-Goggles-Universal-L40846100%2Fdp%2FB07WKN59J7%2Fref%3Dsr_1_34_sspa%3Fcrid%3D2CAHDTR5AV0UH%26keywords%3DskII%26qid%3D1665564619%26qu%3DeyJxc2MiOiIzLjYxIiwicXNhIjoiMi45NiIsInFzcCI6IjIuODAifQ%253D%253D%26sprefix%3Dskii%252Caps%252C408%26sr%3D8-34-spons%26psc%3D1,2022-10-12
"JVR Blackhead Remover Mask for Men, Bamboo Charcoal Peel Off Black Mask, Purifying & Deep Cleansing for All Skin Types 120g","
                      £9.99
                     ","
                        4.0 out of 5 stars
                       ","
                      504
                     ",https://www.amazon.com/sspa/click?ie=UTF8&spc=MTo3ODAxMjgwNjY5Njk1NjU4OjE2NjU1NjQ2MTk6c3BfbXRmOjIwMDc2NTczMzAyMzk4OjowOjo&sp_csd=d2lkZ2V0TmFtZT1zcF9tdGY&url=%2FJVR-Blackhead-Charcoal-Purifying-Cleansing%2Fdp%2FB087JBPNT5%2Fref%3Dsr_1_35_sspa%3Fcrid%3D2CAHDTR5AV0UH%26keywords%3DskII%26qid%3D1665564619%26qu%3DeyJxc2MiOiIzLjYxIiwicXNhIjoiMi45NiIsInFzcCI6IjIuODAifQ%253D%253D%26sprefix%3Dskii%252Caps%252C408%26sr%3D8-35-spons%26psc%3D1,2022-10-12
REN Clean Skincare Supersize Overnight Recovery Balm 50ml,"
                      £49.00
                     ",,"
                     (£98.00/100 ml)
                    ",https://www.amazon.com/sspa/click?ie=UTF8&spc=MTo3ODAxMjgwNjY5Njk1NjU4OjE2NjU1NjQ2MTk6c3BfbXRmOjIwMDY4Mjg2NjY1ODk4OjowOjo&sp_csd=d2lkZ2V0TmFtZT1zcF9tdGY&url=%2FREN-Clean-Skincare-Supersize-Overnight%2Fdp%2FB09NQFPQ4N%2Fref%3Dsr_1_36_sspa%3Fcrid%3D2CAHDTR5AV0UH%26keywords%3DskII%26qid%3D1665564619%26qu%3DeyJxc2MiOiIzLjYxIiwicXNhIjoiMi45NiIsInFzcCI6IjIuODAifQ%253D%253D%26smid%3DA3P5ROKL5A1OLE%26sprefix%3Dskii%252Caps%252C408%26sr%3D8-36-spons%26psc%3D1,2022-10-12
Blulu Ski Mask Winter Balaclava Ski Mask Warm Full Face Ski Mask Thermal Men Ski Mask 3 Hole Knit Face Mask for Outdoor Sports,"
                    £7.59
                   ","
                      3.9 out of 5 stars
                     ","
                    92
                   ",https://www.amazon.com/Winter-Balaclava-Thermal-3-Hole-Outdoor/dp/B09J16SXYJ/ref=sr_1_37?crid=2CAHDTR5AV0UH&keywords=skII&qid=1665564619&qu=eyJxc2MiOiIzLjYxIiwicXNhIjoiMi45NiIsInFzcCI6IjIuODAifQ%3D%3D&sprefix=skii%2Caps%2C408&sr=8-37,2022-10-12
"coskefy Thermal Gloves, -20℉ Coldproof Touchscreen Ski Gloves Waterproof Winter Gloves 3M Thinsulate Snow Gloves for Walking Snowboarding Hiking Outdoor","
                    £11.04
                   ","
                      4.5 out of 5 stars
                     ","
                    1,967
                   ",https://www.amazon.com/coskefy-Thermal-Thinsulate-Touchscreen-Snowboarding/dp/B07HGQMK4H/ref=sr_1_38?crid=2CAHDTR5AV0UH&keywords=skII&qid=1665564619&qu=eyJxc2MiOiIzLjYxIiwicXNhIjoiMi45NiIsInFzcCI6IjIuODAifQ%3D%3D&smid=A3PNIR7C4EEUQS&sprefix=skii%2Caps%2C408&sr=8-38,2022-10-12
BODY ARMOUR CE MOTORBIKE/MOTORCYCLE/MOTOCROSS SKIING SKATING SNOW BOARD IMPACT PADDED SPINE GUARD PROTECTIVE SUIT (M),"
                    £49.99
                   ","
                      3.5 out of 5 stars
                     ","
                    8
                   ",https://www.amazon.com/ARMOUR-MOTORBIKE-MOTORCYCLE-MOTOCROSS-PROTECTIVE/dp/B07DCFMPB3/ref=sr_1_39?crid=2CAHDTR5AV0UH&keywords=skII&qid=1665564619&qu=eyJxc2MiOiIzLjYxIiwicXNhIjoiMi45NiIsInFzcCI6IjIuODAifQ%3D%3D&sprefix=skii%2Caps%2C408&sr=8-39,2022-10-12
4 Pairs of Mens High Performance Thermal Ski Socks-Assorted-UK 6 - 11 ( Eur 39 - 45 ),"
                    £12.95
                   ","
                      4.5 out of 5 stars
                     ","
                    4,028
                   ",https://www.amazon.com/Pairs-Mens-Performance-Thermal-Socks-Assorted-UK/dp/B01N59WFGI/ref=sr_1_40?crid=2CAHDTR5AV0UH&keywords=skII&qid=1665564619&qu=eyJxc2MiOiIzLjYxIiwicXNhIjoiMi45NiIsInFzcCI6IjIuODAifQ%3D%3D&sprefix=skii%2Caps%2C408&sr=8-40,2022-10-12
Sakkas Booker Cashmere Feel Solid Colored Unisex Winter Scarf With Fringe,"
                    £12.99
                   ","
                      4.4 out of 5 stars
                     ","
                    443
                   ",https://www.amazon.com/Sakkas-1590-Booker-Cashmere-Colored/dp/B07CP2KVM9/ref=sr_1_42?crid=2CAHDTR5AV0UH&keywords=skII&qid=1665564619&qu=eyJxc2MiOiIzLjYxIiwicXNhIjoiMi45NiIsInFzcCI6IjIuODAifQ%3D%3D&sprefix=skii%2Caps%2C408&sr=8-42,2022-10-12
"L'Oréal Paris Perfect Golden Age Re-Activating Essence, 125ml","
                    £16.99
                   ","
                      4.5 out of 5 stars
                     ","
                    631
                   ",https://www.amazon.com/LOr%C3%A9al-Perfect-Golden-Re-Activating-Essence/dp/B01AIPJ4A8/ref=sr_1_43?crid=2CAHDTR5AV0UH&keywords=skII&qid=1665564619&qu=eyJxc2MiOiIzLjYxIiwicXNhIjoiMi45NiIsInFzcCI6IjIuODAifQ%3D%3D&sprefix=skii%2Caps%2C408&sr=8-43,2022-10-12
donhobo Men's Fleece Jacket Winter Waterproof Warm Ski Jackets Windproof Coat With Zip Pockets Hood,"
                    £51.98
                   ","
                      4.4 out of 5 stars
                     ","
                    2,559
                   ",https://www.amazon.com/donhobo-Waterproof-Jackets-Windproof-Pockets/dp/B0787PLRXM/ref=sr_1_44?crid=2CAHDTR5AV0UH&keywords=skII&qid=1665564619&qu=eyJxc2MiOiIzLjYxIiwicXNhIjoiMi45NiIsInFzcCI6IjIuODAifQ%3D%3D&sprefix=skii%2Caps%2C408&sr=8-44,2022-10-12
Sock Stack 4 Pairs Of Mens Performance Ski Sock Long Thermal Heat Pro Winter Cushioned Arch Support Snowboard Socks With Full Terry Socks UK Size 6-11,"
                    £9.95
                   ","
                      4.2 out of 5 stars
                     ","
                    223
                   ",https://www.amazon.com/Sock-Stack-Performance-Cushioned-Snowboard/dp/B07YRXCDVJ/ref=sr_1_45?crid=2CAHDTR5AV0UH&keywords=skII&qid=1665564619&qu=eyJxc2MiOiIzLjYxIiwicXNhIjoiMi45NiIsInFzcCI6IjIuODAifQ%3D%3D&sprefix=skii%2Caps%2C408&sr=8-45,2022-10-12
DREAM PAIRS Boys Girls Faux Fur Lined Winter Snow Boots (Toddler/Little Kid/Big Kid) Shorty-K,"
                    £29.99
                   ","
                      4.6 out of 5 stars
                     ","
                    6,149
                   ",https://www.amazon.com/Dream-Shorty-K-Chesnut-Sheepskin-Winter/dp/B07MZSY43Q/ref=sr_1_46?crid=2CAHDTR5AV0UH&keywords=skII&qid=1665564619&qu=eyJxc2MiOiIzLjYxIiwicXNhIjoiMi45NiIsInFzcCI6IjIuODAifQ%3D%3D&sprefix=skii%2Caps%2C408&sr=8-46,2022-10-12
"SECRET KEY Starting Treatment Essence Rose Edition 5.07 fl.oz. (150ml) - 94% Galactonyces Fermented Filtrate & Rose Flower Water, Anti-Wrikle & Moisturizing First Step Skin Care Essence, Paraben Free","
                    £23.95
                   ","
                      4.6 out of 5 stars
                     ","
                    206
                   ",https://www.amazon.com/Secret-Key-Starting-Treatment-Essence_Rose/dp/B01HCH690S/ref=sr_1_47?crid=2CAHDTR5AV0UH&keywords=skII&qid=1665564619&qu=eyJxc2MiOiIzLjYxIiwicXNhIjoiMi45NiIsInFzcCI6IjIuODAifQ%3D%3D&sprefix=skii%2Caps%2C408&sr=8-47,2022-10-12
4 Pairs High Performance Ladies Ski Socks Long Hose Thermal Socks-Assorted-UK 4 - 7,"
                    £12.95
                   ","
                      4.5 out of 5 stars
                     ","
                    2,891
                   ",https://www.amazon.com/Pairs-Performance-Ladies-Thermal-Socks-Assorted-UK/dp/B01N5MCB4M/ref=sr_1_48?crid=2CAHDTR5AV0UH&keywords=skII&qid=1665564619&qu=eyJxc2MiOiIzLjYxIiwicXNhIjoiMi45NiIsInFzcCI6IjIuODAifQ%3D%3D&sprefix=skii%2Caps%2C408&sr=8-48,2022-10-12
"Odoland OTG Ski Goggles Set with Detachable Lens, Frameless Interchangeable Magnetic Lens for Skiing Skating Snowboard, Anti-Fog and UV400 Protection Snow Goggles for Men and Women","
                    £39.99
                   ","
                      4.6 out of 5 stars
                     ","
                    492
                   ",https://www.amazon.com/Odoland-Detachable-Interchangeable-Snowmobiles-Protection/dp/B08CGZMM1C/ref=sr_1_50?crid=2CAHDTR5AV0UH&keywords=skII&qid=1665564619&qu=eyJxc2MiOiIzLjYxIiwicXNhIjoiMi45NiIsInFzcCI6IjIuODAifQ%3D%3D&sprefix=skii%2Caps%2C408&sr=8-50,2022-10-12
"Winter Neck Warmer Neck Gaiter Ski Snood for Men with Thermal Fleece Waterproof Fabric, Face Covering Multifunction Headwear Elastic Tube Face Scarf Face Shield for Sports Cycling Skiing, Running","
                    £8.99
                   ","
                      4.4 out of 5 stars
                     ","
                    607
                   ",https://www.amazon.com/Thermal-Waterproof-Covering-Multifunction-Headwear/dp/B08P3JBG38/ref=sr_1_51?crid=2CAHDTR5AV0UH&keywords=skII&qid=1665564619&qu=eyJxc2MiOiIzLjYxIiwicXNhIjoiMi45NiIsInFzcCI6IjIuODAifQ%3D%3D&sprefix=skii%2Caps%2C408&sr=8-51,2022-10-12
"DANISH ENDURANCE Merino Wool Performance Ski Socks, Shin Padding, for Men, Women, Kids, 1 Pack","
                    £26.95
                   ","
                      4.4 out of 5 stars
                     ","
                    3,455
                   ",https://www.amazon.com/DANISH-ENDURANCE-Alpine-Performance-Socks/dp/B07HKB1RS2/ref=sr_1_52?crid=2CAHDTR5AV0UH&keywords=skII&qid=1665564619&qu=eyJxc2MiOiIzLjYxIiwicXNhIjoiMi45NiIsInFzcCI6IjIuODAifQ%3D%3D&sprefix=skii%2Caps%2C408&sr=8-52,2022-10-12
"findway Ski Goggles, Skiing Goggles For Snowboard Jet Snow, For Women Men Ladies Youth Teen OTG Over Helmet Compatible, Anti-fog 100% UV Protection, Anti-glare Ski Goggles, For Skiing Snowboarding","
                    £19.99
                   ","
                      4.5 out of 5 stars
                     ","
                    1,258
                   ",https://www.amazon.com/findway-Compatible-Protection-Anti-glare-Snowboarding/dp/B07MVWWZ3X/ref=sr_1_53?crid=2CAHDTR5AV0UH&keywords=skII&qid=1665564619&qu=eyJxc2MiOiIzLjYxIiwicXNhIjoiMi45NiIsInFzcCI6IjIuODAifQ%3D%3D&sprefix=skii%2Caps%2C408&sr=8-53,2022-10-12
"DANISH ENDURANCE Merino Wool Performance Ski Socks, Shin Padding, for Men, Women, Kids, 2 Pack","
                    £37.95
                   ","
                      4.5 out of 5 stars
                     ","
                    827
                   ",https://www.amazon.com/Alpine-Performance-Socks-packs-Multicolour/dp/B07XYZXYCS/ref=sr_1_54?crid=2CAHDTR5AV0UH&keywords=skII&qid=1665564619&qu=eyJxc2MiOiIzLjYxIiwicXNhIjoiMi45NiIsInFzcCI6IjIuODAifQ%3D%3D&sprefix=skii%2Caps%2C408&sr=8-54,2022-10-12
YEKEYI Women Balaclava Hood hat Winter Cashmere Knitted Beanie Hats Ski Mask Ski Cap Outdoor,"
                    £19.99
                   ","
                      3.9 out of 5 stars
                     ","
                    23
                   ",https://www.amazon.com/YEKEYI-Balaclava-Cashmere-Knitted-Outdoor/dp/B08MT6ZZ4F/ref=sr_1_55?crid=2CAHDTR5AV0UH&keywords=skII&qid=1665564619&qu=eyJxc2MiOiIzLjYxIiwicXNhIjoiMi45NiIsInFzcCI6IjIuODAifQ%3D%3D&sprefix=skii%2Caps%2C408&sr=8-55,2022-10-12
GG ST Balaclava Windproof Ski Mask Winter Thermal Fleece Hood Heavyweight Neck Warmer Snood Outdoor Sports Face Covers Hat For Men & Women,"
                    £13.99
                   ","
                      4.3 out of 5 stars
                     ","
                    2,607
                   ",https://www.amazon.com/GG-ST-Balaclava-Windproof-Heavyweight/dp/B07GNTHWN6/ref=sr_1_56?crid=2CAHDTR5AV0UH&keywords=skII&qid=1665564619&qu=eyJxc2MiOiIzLjYxIiwicXNhIjoiMi45NiIsInFzcCI6IjIuODAifQ%3D%3D&sprefix=skii%2Caps%2C408&sr=8-56,2022-10-12
donhobo Men's Fleece Jacket Winter Waterproof Warm Ski Jackets Windproof Coat With Zip Pockets Hood,"
                      £51.98
                     ","
                        4.4 out of 5 stars
                       ","
                      2,559
                     ",https://www.amazon.com/sspa/click?ie=UTF8&spc=MTo3ODAxMjgwNjY5Njk1NjU4OjE2NjU1NjQ2MTk6c3BfYnRmOjIwMDQzMDM2MDk2MjA2OjowOjo&sp_csd=d2lkZ2V0TmFtZT1zcF9idGY&url=%2Fdonhobo-Waterproof-Jackets-Windproof-Pockets%2Fdp%2FB0787PLRXM%2Fref%3Dsr_1_57_sspa%3Fcrid%3D2CAHDTR5AV0UH%26keywords%3DskII%26qid%3D1665564619%26qu%3DeyJxc2MiOiIzLjYxIiwicXNhIjoiMi45NiIsInFzcCI6IjIuODAifQ%253D%253D%26sprefix%3Dskii%252Caps%252C408%26sr%3D8-57-spons%26psc%3D1,2022-10-12
"NIVEA Cellular LUMINOUS 630 Anti-Dark Spot Advanced Treatment Serum (30ml), Face Serum for Women, Facial Serum For Luminous Skin","
                      £10.00
                     ","
                        4.3 out of 5 stars
                       ","
                      520
                     ",https://www.amazon.com/sspa/click?ie=UTF8&spc=MTo3ODAxMjgwNjY5Njk1NjU4OjE2NjU1NjQ2MTk6c3BfYnRmOjIwMDI3OTMzOTI2ODk4OjowOjo&sp_csd=d2lkZ2V0TmFtZT1zcF9idGY&url=%2FNIVEA-Cellular-LUMINOUS-Anti-Dark-Treatment%2Fdp%2FB096R4DM7Y%2Fref%3Dsr_1_58_sspa%3Fcrid%3D2CAHDTR5AV0UH%26keywords%3DskII%26qid%3D1665564619%26qu%3DeyJxc2MiOiIzLjYxIiwicXNhIjoiMi45NiIsInFzcCI6IjIuODAifQ%253D%253D%26smid%3DA3P5ROKL5A1OLE%26sprefix%3Dskii%252Caps%252C408%26sr%3D8-58-spons%26psc%3D1,2022-10-12
"RAYZOR Ski Goggles Snowboard Goggles For Men & Women – OTG Ski Mask with UV400 Protection – Anti-Fog and Shatterproof Skiing Goggles, Anti-Glare Protective Goggles for Men Women Boys & Girls","
                      £21.95
                     ","
                        4.5 out of 5 stars
                       ","
                      869
                     ",https://www.amazon.com/sspa/click?ie=UTF8&spc=MTo3ODAxMjgwNjY5Njk1NjU4OjE2NjU1NjQ2MTk6c3BfYXRmOjIwMDE2NTI2MzAyMzk4OjowOjo&sp_csd=d2lkZ2V0TmFtZT1zcF9hdGY&url=%2FRayzor-Protection-Comfortable-Shatterproof-Snowmobiles%2Fdp%2FB002MQ6LTY%2Fref%3Dsr_1_1_sspa%3Fcrid%3D2CAHDTR5AV0UH%26keywords%3DskII%26qid%3D1665564619%26qu%3DeyJxc2MiOiIzLjYxIiwicXNhIjoiMi45NiIsInFzcCI6IjIuODAifQ%253D%253D%26sprefix%3Dskii%252Caps%252C408%26sr%3D8-1-spons%26psc%3D1,2022-10-12
Handle Double Shoulder Strap Easily 2Pcs Activities Fixing Fixing Belt Skis Strap Power Training Convenient for Family Skiing Activities,"
                      £10.49
                     ",,,https://www.amazon.com/sspa/click?ie=UTF8&spc=MTo3ODAxMjgwNjY5Njk1NjU4OjE2NjU1NjQ2MTk6c3BfYXRmOjIwMDcxMjg1MDcwMjk4OjowOjo&sp_csd=d2lkZ2V0TmFtZT1zcF9hdGY&url=%2FHandle-Shoulder-Activities-Training-Convenient%2Fdp%2FB09285W6B1%2Fref%3Dsr_1_2_sspa%3Fcrid%3D2CAHDTR5AV0UH%26keywords%3DskII%26qid%3D1665564619%26qu%3DeyJxc2MiOiIzLjYxIiwicXNhIjoiMi45NiIsInFzcCI6IjIuODAifQ%253D%253D%26sprefix%3Dskii%252Caps%252C408%26sr%3D8-2-spons%26psc%3D1,2022-10-12
IMIKEYA 6pcs Ski Straps Adjustable Ski Wraps Ties Ski Board Carrier Fastener Tape Colorful Tape Strap Band for Outdoor Skiing,"
                      £13.29
                     ",,,https://www.amazon.com/sspa/click?ie=UTF8&spc=MTo3ODAxMjgwNjY5Njk1NjU4OjE2NjU1NjQ2MTk6c3BfYXRmOjIwMDU5ODYxMzgwNjAxOjowOjo&sp_csd=d2lkZ2V0TmFtZT1zcF9hdGY&url=%2FIMIKEYA-Adjustable-Carrier-Fastener-Colorful%2Fdp%2FB08YQRQ6B7%2Fref%3Dsr_1_3_sspa%3Fcrid%3D2CAHDTR5AV0UH%26keywords%3DskII%26qid%3D1665564619%26qu%3DeyJxc2MiOiIzLjYxIiwicXNhIjoiMi45NiIsInFzcCI6IjIuODAifQ%253D%253D%26sprefix%3Dskii%252Caps%252C408%26sr%3D8-3-spons%26psc%3D1,2022-10-12
"Pinsofy Ski Shoulder Carrier, Power Training Portable Ski and Pole Carrier Strap, Adjustable 43.3in Skiing Skiers Pole for Fixing Ski","
                      £10.18
                     ",,,https://www.amazon.com/sspa/click?ie=UTF8&spc=MTo3ODAxMjgwNjY5Njk1NjU4OjE2NjU1NjQ2MTk6c3BfYXRmOjIwMDQ2NTYyNDczMjAyOjowOjo&sp_csd=d2lkZ2V0TmFtZT1zcF9hdGY&url=%2FPinsofy-Shoulder-Training-Portable-Adjustable%2Fdp%2FB08P93CBQV%2Fref%3Dsr_1_4_sspa%3Fcrid%3D2CAHDTR5AV0UH%26keywords%3DskII%26qid%3D1665564619%26qu%3DeyJxc2MiOiIzLjYxIiwicXNhIjoiMi45NiIsInFzcCI6IjIuODAifQ%253D%253D%26sprefix%3Dskii%252Caps%252C408%26sr%3D8-4-spons%26psc%3D1,2022-10-12
SK-II Facial Treatment Essence Pitera 7.7oz,"
                    £212.00
                   ","
                      4.4 out of 5 stars
                     ","
                    237
                   ",https://www.amazon.com/SK-II-Facial-Treatment-Essence-Pitera/dp/B01M599DYT/ref=sr_1_5?crid=2CAHDTR5AV0UH&keywords=skII&qid=1665564619&qu=eyJxc2MiOiIzLjYxIiwicXNhIjoiMi45NiIsInFzcCI6IjIuODAifQ%3D%3D&sprefix=skii%2Caps%2C408&sr=8-5,2022-10-12
SK-II GENOPTICS Aura Essence 50ml 2016,"
                    £174.95
                   ","
                      4.1 out of 5 stars
                     ","
                    76
                   ",https://www.amazon.com/SK-II-GENOPTICS-AURA-ESSENCE-50ml/dp/B01BF1SC6Q/ref=sr_1_6?crid=2CAHDTR5AV0UH&keywords=skII&qid=1665564619&qu=eyJxc2MiOiIzLjYxIiwicXNhIjoiMi45NiIsInFzcCI6IjIuODAifQ%3D%3D&sprefix=skii%2Caps%2C408&sr=8-6,2022-10-12
SK-II Facial Treatment Gentle Cleanser - 120ml,"
                    £77.00
                   ","
                      4.1 out of 5 stars
                     ","
                    66
                   ",https://www.amazon.com/SK-II-Cleanser-Facial-Treatment/dp/B00ANEU7HY/ref=sr_1_7?crid=2CAHDTR5AV0UH&keywords=skII&qid=1665564619&qu=eyJxc2MiOiIzLjYxIiwicXNhIjoiMi45NiIsInFzcCI6IjIuODAifQ%3D%3D&sprefix=skii%2Caps%2C408&sr=8-7,2022-10-12
SK-II - Facial Treatment Clear Lotion (230ml),"
                    £83.95
                   ","
                      4.4 out of 5 stars
                     ","
                    189
                   ",https://www.amazon.com/SK-II-Facial-Treatment-Clear-Lotion/dp/B06ZZYQXJG/ref=sr_1_8?crid=2CAHDTR5AV0UH&keywords=skII&qid=1665564619&qu=eyJxc2MiOiIzLjYxIiwicXNhIjoiMi45NiIsInFzcCI6IjIuODAifQ%3D%3D&sprefix=skii%2Caps%2C408&sr=8-8,2022-10-12
Facial Treatment Mask SKII 10 Pcs Treatment For Unisex,"
                    £116.68
                   ","
                      4.4 out of 5 stars
                     ","
                    203
                   ",https://www.amazon.com/Facial-Treatment-Mask-SKII-Unisex/dp/B00JDVP18S/ref=sr_1_9?crid=2CAHDTR5AV0UH&keywords=skII&qid=1665564619&qu=eyJxc2MiOiIzLjYxIiwicXNhIjoiMi45NiIsInFzcCI6IjIuODAifQ%3D%3D&sprefix=skii%2Caps%2C408&sr=8-9,2022-10-12
SK II Facial Treatment Essence 230ml,"
                    £177.21
                   ","
                      4.3 out of 5 stars
                     ","
                    526
                   ",https://www.amazon.com/SK-Facial-Treatment-Essence-230ml/dp/B01296JRMO/ref=sr_1_10?crid=2CAHDTR5AV0UH&keywords=skII&qid=1665564619&qu=eyJxc2MiOiIzLjYxIiwicXNhIjoiMi45NiIsInFzcCI6IjIuODAifQ%3D%3D&sprefix=skii%2Caps%2C408&sr=8-10,2022-10-12
SK-II R.N.A Power Radical New Age Eye Cream 0.5oz,"
                    £99.98
                   ","
                      4.0 out of 5 stars
                     ","
                    121
                   ",https://www.amazon.com/SK-II-Power-Radical-Cream-0-5oz/dp/B0716JS4KX/ref=sr_1_11?crid=2CAHDTR5AV0UH&keywords=skII&qid=1665564619&qu=eyJxc2MiOiIzLjYxIiwicXNhIjoiMi45NiIsInFzcCI6IjIuODAifQ%3D%3D&sprefix=skii%2Caps%2C408&sr=8-11,2022-10-12
DREAM PAIRS Womens Outdoor Snow Boots Ladies Winter Boot Waterproof Lightweight Warm Fashion Shoes,"
                    £34.99
                   ","
                      5.0 out of 5 stars
                     ","
                    1
                   ",https://www.amazon.com/DREAM-PAIRS-Waterproof-Lightweight-SDSB2213W/dp/B09ZLGYNR7/ref=sr_1_12?crid=2CAHDTR5AV0UH&keywords=skII&qid=1665564619&qu=eyJxc2MiOiIzLjYxIiwicXNhIjoiMi45NiIsInFzcCI6IjIuODAifQ%3D%3D&sprefix=skii%2Caps%2C408&sr=8-12,2022-10-12
"Morrisons Chocolate Mousse 6 Pots, 360 g","
                    £1.25
                   ","
                      4.4 out of 5 stars
                     ","
                    702
                   ",https://www.amazon.com/Morrisons-Chocolate-Mousse-60g-pots/dp/B01AWH2NJ6/ref=sr_1_13_f3_0o_morri?crid=2CAHDTR5AV0UH&keywords=skII&qid=1665564619&qu=eyJxc2MiOiIzLjYxIiwicXNhIjoiMi45NiIsInFzcCI6IjIuODAifQ%3D%3D&sprefix=skii%2Caps%2C408&sr=8-13,2022-10-12
"Paula's Choice Skin Perfecting 2% BHA Liquid Exfoliant - Face Exfoliating Peel Fights Blackheads, Breakouts & Enlarged Pores - with Salicylic Acid - Combination, Oily & Acne Prone Skin - 118 ml","
                    £33.00
                   ","
                      4.5 out of 5 stars
                     ","
                    13,124
                   ",https://www.amazon.com/Paulas-Choice-Perfecting-Liquid-Exfoliant/dp/B07PCSNFLP/ref=sr_1_14?crid=2CAHDTR5AV0UH&keywords=skII&qid=1665564619&qu=eyJxc2MiOiIzLjYxIiwicXNhIjoiMi45NiIsInFzcCI6IjIuODAifQ%3D%3D&sprefix=skii%2Caps%2C408&sr=8-14,2022-10-12
MEDIHEAL Official [Korea's No 1 Sheet Mask] - Collagen Essential Lifting & Firming Mask (5 Masks),"
                    £11.05
                   ","
                      4.6 out of 5 stars
                     ","
                    1,392
                   ",https://www.amazon.com/MEDIHEAL-Official-Koreas-Sheet-Mask/dp/B07T32XPCW/ref=sr_1_15?crid=2CAHDTR5AV0UH&keywords=skII&qid=1665564619&qu=eyJxc2MiOiIzLjYxIiwicXNhIjoiMi45NiIsInFzcCI6IjIuODAifQ%3D%3D&sprefix=skii%2Caps%2C408&sr=8-15,2022-10-12
"OutdoorMaster Ski Goggles PRO - Frameless, Interchangeable Lens 100% UV400 Protection Snow Goggles for Men & Women","
                    £37.99
                   ","
                      4.6 out of 5 stars
                     ","
                    7,834
                   ",https://www.amazon.com/OutdoorMaster-Ski-Goggles-PRO-Interchangeable/dp/B014XKTFI0/ref=sr_1_16?crid=2CAHDTR5AV0UH&keywords=skII&qid=1665564619&qu=eyJxc2MiOiIzLjYxIiwicXNhIjoiMi45NiIsInFzcCI6IjIuODAifQ%3D%3D&sprefix=skii%2Caps%2C408&sr=8-16,2022-10-12
Retinol Moisturizer for Face (120ml) – Anti Ageing Face Cream Reduces Scars Ance and Wrinkles with Hyaluronic Acid and Vitamin E,"
                    £18.88
                   ","
                      4.2 out of 5 stars
                     ","
                    7,345
                   ",https://www.amazon.com/2-5-Retinol-Moisturizer-Face-120ml/dp/B017XZVYMC/ref=sr_1_17?crid=2CAHDTR5AV0UH&keywords=skII&qid=1665564619&qu=eyJxc2MiOiIzLjYxIiwicXNhIjoiMi45NiIsInFzcCI6IjIuODAifQ%3D%3D&sprefix=skii%2Caps%2C408&sr=8-17,2022-10-12
Skinfood Facial Mask Rice Wash Off - 3.52 Oz,"
                    £13.00
                   ","
                      4.4 out of 5 stars
                     ","
                    127
                   ",https://www.amazon.com/Skin-food-Rice-Mask-Ounce/dp/B004FKNYWW/ref=sr_1_18?crid=2CAHDTR5AV0UH&keywords=skII&qid=1665564619&qu=eyJxc2MiOiIzLjYxIiwicXNhIjoiMi45NiIsInFzcCI6IjIuODAifQ%3D%3D&sprefix=skii%2Caps%2C408&sr=8-18,2022-10-12
Balaclava Ski Mask for Men Women Face Mask for Cold Weather Winter Windproof Outdoors in Winter Neck Warmer Multifunctional Sports Cold Weather Gear,"
                    £12.88
                   ","
                      4.1 out of 5 stars
                     ","
                    1,748
                   ",https://www.amazon.com/Balaclava-Windproof-Motorcycle-Multifunctional-Snowboard/dp/B0756RNPR8/ref=sr_1_19?crid=2CAHDTR5AV0UH&keywords=skII&qid=1665564619&qu=eyJxc2MiOiIzLjYxIiwicXNhIjoiMi45NiIsInFzcCI6IjIuODAifQ%3D%3D&sprefix=skii%2Caps%2C408&sr=8-19,2022-10-12
"SLOPE WARRIOR Cosmic Rider Merino Wool Alpine Performance Socks, for Men, Women, Shin Padding, Fast Drying, Warm, Knee High Thermal Socks for Ski, Snowboarding and Mountaineering","
                    £18.60
                   ","
                      4.1 out of 5 stars
                     ","
                    4
                   ",https://www.amazon.com/SLOPE-WARRIOR-Cosmic-Rider-High-Performance/dp/B07SX7RL28/ref=sr_1_20?crid=2CAHDTR5AV0UH&keywords=skII&qid=1665564619&qu=eyJxc2MiOiIzLjYxIiwicXNhIjoiMi45NiIsInFzcCI6IjIuODAifQ%3D%3D&sprefix=skii%2Caps%2C408&sr=8-20,2022-10-12
NORTIV 8 Men's 170410 Insulated Waterproof Construction Hiking Winter Snow Boots,"
                    £46.99
                   ","
                      4.4 out of 5 stars
                     ","
                    4,198
                   ",https://www.amazon.com/NORTIV-170410-Waterproof-Winter-Boots/dp/B07FS7B753/ref=sr_1_21?crid=2CAHDTR5AV0UH&keywords=skII&qid=1665564619&qu=eyJxc2MiOiIzLjYxIiwicXNhIjoiMi45NiIsInFzcCI6IjIuODAifQ%3D%3D&sprefix=skii%2Caps%2C408&sr=8-21,2022-10-12
"Snowledge Ski Snowboard Goggles with UV400 Protection, Skiing Snowboarding Goggles of Dual Lens with Anti Fog for Men, Women,Helmet Compatible","
                    £27.99
                   ","
                      4.5 out of 5 stars
                     ","
                    782
                   ",https://www.amazon.com/Snowledge-Snowboard-Goggles-Protection-Compatible/dp/B07GQN2PJ4/ref=sr_1_22?crid=2CAHDTR5AV0UH&keywords=skII&qid=1665564619&qu=eyJxc2MiOiIzLjYxIiwicXNhIjoiMi45NiIsInFzcCI6IjIuODAifQ%3D%3D&sprefix=skii%2Caps%2C408&sr=8-22,2022-10-12
"Merino Wool Ski Socks, Cold Weather Knee-High Thermal Socks for Winter, Snow, Snowboarding, Hiking","
                    £22.31
                   ","
                      4.7 out of 5 stars
                     ","
                    122
                   ",https://www.amazon.com/Merino-Weather-Knee-High-Thermal-Snowboarding/dp/B09M3HCSGS/ref=sr_1_23?crid=2CAHDTR5AV0UH&keywords=skII&qid=1665564619&qu=eyJxc2MiOiIzLjYxIiwicXNhIjoiMi45NiIsInFzcCI6IjIuODAifQ%3D%3D&sprefix=skii%2Caps%2C408&sr=8-23,2022-10-12
OutdoorMaster Ski Goggles PRO Replacement Lens,"
                    £27.99
                   ","
                      4.6 out of 5 stars
                     ","
                    2,372
                   ",https://www.amazon.com/OutdoorMaster-Ski-Goggles-Replacement-Lens/dp/B074JY1NHC/ref=sr_1_24?crid=2CAHDTR5AV0UH&keywords=skII&qid=1665564619&qu=eyJxc2MiOiIzLjYxIiwicXNhIjoiMi45NiIsInFzcCI6IjIuODAifQ%3D%3D&sprefix=skii%2Caps%2C408&sr=8-24,2022-10-12
"Merino Wool Socks High Performance Compression Ski Socks Mens and Women Thermal Knee High Socks, 2 Pairs","
                    £25.99
                   ","
                      4.4 out of 5 stars
                     ","
                    39
                   ",https://www.amazon.com/Merino-Performance-Compression-Socks-Thermal/dp/B09MD5RHY3/ref=sr_1_25?crid=2CAHDTR5AV0UH&keywords=skII&qid=1665564619&qu=eyJxc2MiOiIzLjYxIiwicXNhIjoiMi45NiIsInFzcCI6IjIuODAifQ%3D%3D&sprefix=skii%2Caps%2C408&sr=8-25,2022-10-12
DREAM PAIRS Women’s Waterproof Wellington Duck Rain Boots Outdoor Ankle Low Heel Snow Boots Ladies Originals Lace-up Winter Boots,"
                    £29.99
                   ","
                      5.0 out of 5 stars
                     ","
                    1
                   ",https://www.amazon.com/DREAM-PAIRS-Originals-Waterproof-SDSB2211W-1/dp/B09ZLGFH4D/ref=sr_1_26?crid=2CAHDTR5AV0UH&keywords=skII&qid=1665564619&qu=eyJxc2MiOiIzLjYxIiwicXNhIjoiMi45NiIsInFzcCI6IjIuODAifQ%3D%3D&sprefix=skii%2Caps%2C408&sr=8-26,2022-10-12
"RAYZOR Ski Goggles Snowboard Goggles For Men & Women – OTG Ski Mask with UV400 Protection – Anti-Fog and Shatterproof Skiing Goggles, Anti-Glare Protective Goggles for Men Women Boys & Girls","
                    £21.95
                   ","
                      4.5 out of 5 stars
                     ","
                    869
                   ",https://www.amazon.com/Rayzor-Protection-Comfortable-Shatterproof-Snowmobiles/dp/B002MQ6LTY/ref=sr_1_27?crid=2CAHDTR5AV0UH&keywords=skII&qid=1665564619&qu=eyJxc2MiOiIzLjYxIiwicXNhIjoiMi45NiIsInFzcCI6IjIuODAifQ%3D%3D&sprefix=skii%2Caps%2C408&sr=8-27,2022-10-12
5 Pairs Mens High Performance Thermal Ski Socks - Multicoloured - Mens UK Size 6-11 (EU 39-45),"
                    £11.95
                   ","
                      4.3 out of 5 stars
                     ","
                    363
                   ",https://www.amazon.com/SX167-6-11-Mens-Socks-Pack-6-11/dp/B08M3QKF95/ref=sr_1_28?crid=2CAHDTR5AV0UH&keywords=skII&qid=1665564619&qu=eyJxc2MiOiIzLjYxIiwicXNhIjoiMi45NiIsInFzcCI6IjIuODAifQ%3D%3D&sprefix=skii%2Caps%2C408&sr=8-28,2022-10-12
"SPOSUNE OTG Ski Goggles - Over Glasses Snow Snowboard Goggle with Anti fog Dual lens for Men Women Youth Kids Skiing Skating Snowmobile, Windproof UV400 Protection Winter Sports Protective Glasses","
                    £25.99
                   ","
                      4.6 out of 5 stars
                     ","
                    705
                   ",https://www.amazon.com/SPOSUNE-Protection-Spherical-Snowboard-Compatible/dp/B07WP2LSLR/ref=sr_1_29?crid=2CAHDTR5AV0UH&keywords=skII&qid=1665564619&qu=eyJxc2MiOiIzLjYxIiwicXNhIjoiMi45NiIsInFzcCI6IjIuODAifQ%3D%3D&sprefix=skii%2Caps%2C408&sr=8-29,2022-10-12
SAITAG Balaclava Ski Mask Warm Face Mask for Cold Weather Winter Skiing Snowboarding Motorcycling Ice Fishing Men,"
                    £17.59
                   ","
                      4.6 out of 5 stars
                     ","
                    364
                   ",https://www.amazon.com/SAITAG-Balaclava-Weather-Snowboarding-Motorcycling/dp/B09D2VX1F6/ref=sr_1_30?crid=2CAHDTR5AV0UH&keywords=skII&qid=1665564619&qu=eyJxc2MiOiIzLjYxIiwicXNhIjoiMi45NiIsInFzcCI6IjIuODAifQ%3D%3D&sprefix=skii%2Caps%2C408&sr=8-30,2022-10-12
"2 Pairs Men's Wool Socks, 80% Merino, Hiking Walking Thermal Athletic Socks for Winter Outdoor Recreation Trekking Climbing(UK M-L)","
                    £11.99
                   ","
                      4.4 out of 5 stars
                     ","
                    513
                   ",https://www.amazon.com/Walking-Athletic-Recreation-Trekking-Climbing/dp/B07XGK6VDJ/ref=sr_1_31?crid=2CAHDTR5AV0UH&keywords=skII&qid=1665564619&qu=eyJxc2MiOiIzLjYxIiwicXNhIjoiMi45NiIsInFzcCI6IjIuODAifQ%3D%3D&sprefix=skii%2Caps%2C408&sr=8-31,2022-10-12
"Mountain Warehouse Kids Ski Jacket & Trousers Set - Snowproof Ski Outfit, Front Pockets, Fleece Lined Skiwear, Integrated Snowskirt - Best for Winter Snowboarding","
                    £59.99
                   ","
                      4.6 out of 5 stars
                     ","
                    1,423
                   ",https://www.amazon.com/Mountain-Warehouse-Kids-Jacket-Trousers/dp/B08SKQJ5R6/ref=sr_1_32?crid=2CAHDTR5AV0UH&keywords=skII&qid=1665564619&qu=eyJxc2MiOiIzLjYxIiwicXNhIjoiMi45NiIsInFzcCI6IjIuODAifQ%3D%3D&sprefix=skii%2Caps%2C408&sr=8-32,2022-10-12
"DANISH ENDURANCE Merino Wool Performance Ski Socks, Shin Padding, for Men, Women, Kids, 1 Pack","
                      £26.95
                     ","
                        4.4 out of 5 stars
                       ","
                      3,455
                     ",https://www.amazon.com/sspa/click?ie=UTF8&spc=MTo3ODAxMjgwNjY5Njk1NjU4OjE2NjU1NjQ2MTk6c3BfbXRmOjIwMDcwNDgxMjAzMTA4OjowOjo&sp_csd=d2lkZ2V0TmFtZT1zcF9tdGY&url=%2FDANISH-ENDURANCE-Alpine-Performance-Yellow%2Fdp%2FB07G4BYKTC%2Fref%3Dsr_1_33_sspa%3Fcrid%3D2CAHDTR5AV0UH%26keywords%3DskII%26qid%3D1665564619%26qu%3DeyJxc2MiOiIzLjYxIiwicXNhIjoiMi45NiIsInFzcCI6IjIuODAifQ%253D%253D%26sprefix%3Dskii%252Caps%252C408%26sr%3D8-33-spons%26psc%3D1,2022-10-12
AKSIUM ACCESS,"
                      £38.96
                     ","
                        4.5 out of 5 stars
                       ","
                      656
                     ",https://www.amazon.com/sspa/click?ie=UTF8&spc=MTo3ODAxMjgwNjY5Njk1NjU4OjE2NjU1NjQ2MTk6c3BfbXRmOjIwMDgxNTY2OTkzNTk4OjowOjo&sp_csd=d2lkZ2V0TmFtZT1zcF9tdGY&url=%2FSalomon-Aksium-Goggles-Universal-L40846100%2Fdp%2FB07WKN59J7%2Fref%3Dsr_1_34_sspa%3Fcrid%3D2CAHDTR5AV0UH%26keywords%3DskII%26qid%3D1665564619%26qu%3DeyJxc2MiOiIzLjYxIiwicXNhIjoiMi45NiIsInFzcCI6IjIuODAifQ%253D%253D%26sprefix%3Dskii%252Caps%252C408%26sr%3D8-34-spons%26psc%3D1,2022-10-12
"JVR Blackhead Remover Mask for Men, Bamboo Charcoal Peel Off Black Mask, Purifying & Deep Cleansing for All Skin Types 120g","
                      £9.99
                     ","
                        4.0 out of 5 stars
                       ","
                      504
                     ",https://www.amazon.com/sspa/click?ie=UTF8&spc=MTo3ODAxMjgwNjY5Njk1NjU4OjE2NjU1NjQ2MTk6c3BfbXRmOjIwMDc2NTczMzAyMzk4OjowOjo&sp_csd=d2lkZ2V0TmFtZT1zcF9tdGY&url=%2FJVR-Blackhead-Charcoal-Purifying-Cleansing%2Fdp%2FB087JBPNT5%2Fref%3Dsr_1_35_sspa%3Fcrid%3D2CAHDTR5AV0UH%26keywords%3DskII%26qid%3D1665564619%26qu%3DeyJxc2MiOiIzLjYxIiwicXNhIjoiMi45NiIsInFzcCI6IjIuODAifQ%253D%253D%26sprefix%3Dskii%252Caps%252C408%26sr%3D8-35-spons%26psc%3D1,2022-10-12
REN Clean Skincare Supersize Overnight Recovery Balm 50ml,"
                      £49.00
                     ",,"
                     (£98.00/100 ml)
                    ",https://www.amazon.com/sspa/click?ie=UTF8&spc=MTo3ODAxMjgwNjY5Njk1NjU4OjE2NjU1NjQ2MTk6c3BfbXRmOjIwMDY4Mjg2NjY1ODk4OjowOjo&sp_csd=d2lkZ2V0TmFtZT1zcF9tdGY&url=%2FREN-Clean-Skincare-Supersize-Overnight%2Fdp%2FB09NQFPQ4N%2Fref%3Dsr_1_36_sspa%3Fcrid%3D2CAHDTR5AV0UH%26keywords%3DskII%26qid%3D1665564619%26qu%3DeyJxc2MiOiIzLjYxIiwicXNhIjoiMi45NiIsInFzcCI6IjIuODAifQ%253D%253D%26smid%3DA3P5ROKL5A1OLE%26sprefix%3Dskii%252Caps%252C408%26sr%3D8-36-spons%26psc%3D1,2022-10-12
Blulu Ski Mask Winter Balaclava Ski Mask Warm Full Face Ski Mask Thermal Men Ski Mask 3 Hole Knit Face Mask for Outdoor Sports,"
                    £7.59
                   ","
                      3.9 out of 5 stars
                     ","
                    92
                   ",https://www.amazon.com/Winter-Balaclava-Thermal-3-Hole-Outdoor/dp/B09J16SXYJ/ref=sr_1_37?crid=2CAHDTR5AV0UH&keywords=skII&qid=1665564619&qu=eyJxc2MiOiIzLjYxIiwicXNhIjoiMi45NiIsInFzcCI6IjIuODAifQ%3D%3D&sprefix=skii%2Caps%2C408&sr=8-37,2022-10-12
"coskefy Thermal Gloves, -20℉ Coldproof Touchscreen Ski Gloves Waterproof Winter Gloves 3M Thinsulate Snow Gloves for Walking Snowboarding Hiking Outdoor","
                    £11.04
                   ","
                      4.5 out of 5 stars
                     ","
                    1,967
                   ",https://www.amazon.com/coskefy-Thermal-Thinsulate-Touchscreen-Snowboarding/dp/B07HGQMK4H/ref=sr_1_38?crid=2CAHDTR5AV0UH&keywords=skII&qid=1665564619&qu=eyJxc2MiOiIzLjYxIiwicXNhIjoiMi45NiIsInFzcCI6IjIuODAifQ%3D%3D&smid=A3PNIR7C4EEUQS&sprefix=skii%2Caps%2C408&sr=8-38,2022-10-12
BODY ARMOUR CE MOTORBIKE/MOTORCYCLE/MOTOCROSS SKIING SKATING SNOW BOARD IMPACT PADDED SPINE GUARD PROTECTIVE SUIT (M),"
                    £49.99
                   ","
                      3.5 out of 5 stars
                     ","
                    8
                   ",https://www.amazon.com/ARMOUR-MOTORBIKE-MOTORCYCLE-MOTOCROSS-PROTECTIVE/dp/B07DCFMPB3/ref=sr_1_39?crid=2CAHDTR5AV0UH&keywords=skII&qid=1665564619&qu=eyJxc2MiOiIzLjYxIiwicXNhIjoiMi45NiIsInFzcCI6IjIuODAifQ%3D%3D&sprefix=skii%2Caps%2C408&sr=8-39,2022-10-12
4 Pairs of Mens High Performance Thermal Ski Socks-Assorted-UK 6 - 11 ( Eur 39 - 45 ),"
                    £12.95
                   ","
                      4.5 out of 5 stars
                     ","
                    4,028
                   ",https://www.amazon.com/Pairs-Mens-Performance-Thermal-Socks-Assorted-UK/dp/B01N59WFGI/ref=sr_1_40?crid=2CAHDTR5AV0UH&keywords=skII&qid=1665564619&qu=eyJxc2MiOiIzLjYxIiwicXNhIjoiMi45NiIsInFzcCI6IjIuODAifQ%3D%3D&sprefix=skii%2Caps%2C408&sr=8-40,2022-10-12
Sakkas Booker Cashmere Feel Solid Colored Unisex Winter Scarf With Fringe,"
                    £12.99
                   ","
                      4.4 out of 5 stars
                     ","
                    443
                   ",https://www.amazon.com/Sakkas-1590-Booker-Cashmere-Colored/dp/B07CP2KVM9/ref=sr_1_42?crid=2CAHDTR5AV0UH&keywords=skII&qid=1665564619&qu=eyJxc2MiOiIzLjYxIiwicXNhIjoiMi45NiIsInFzcCI6IjIuODAifQ%3D%3D&sprefix=skii%2Caps%2C408&sr=8-42,2022-10-12
"L'Oréal Paris Perfect Golden Age Re-Activating Essence, 125ml","
                    £16.99
                   ","
                      4.5 out of 5 stars
                     ","
                    631
                   ",https://www.amazon.com/LOr%C3%A9al-Perfect-Golden-Re-Activating-Essence/dp/B01AIPJ4A8/ref=sr_1_43?crid=2CAHDTR5AV0UH&keywords=skII&qid=1665564619&qu=eyJxc2MiOiIzLjYxIiwicXNhIjoiMi45NiIsInFzcCI6IjIuODAifQ%3D%3D&sprefix=skii%2Caps%2C408&sr=8-43,2022-10-12
donhobo Men's Fleece Jacket Winter Waterproof Warm Ski Jackets Windproof Coat With Zip Pockets Hood,"
                    £51.98
                   ","
                      4.4 out of 5 stars
                     ","
                    2,559
                   ",https://www.amazon.com/donhobo-Waterproof-Jackets-Windproof-Pockets/dp/B0787PLRXM/ref=sr_1_44?crid=2CAHDTR5AV0UH&keywords=skII&qid=1665564619&qu=eyJxc2MiOiIzLjYxIiwicXNhIjoiMi45NiIsInFzcCI6IjIuODAifQ%3D%3D&sprefix=skii%2Caps%2C408&sr=8-44,2022-10-12
Sock Stack 4 Pairs Of Mens Performance Ski Sock Long Thermal Heat Pro Winter Cushioned Arch Support Snowboard Socks With Full Terry Socks UK Size 6-11,"
                    £9.95
                   ","
                      4.2 out of 5 stars
                     ","
                    223
                   ",https://www.amazon.com/Sock-Stack-Performance-Cushioned-Snowboard/dp/B07YRXCDVJ/ref=sr_1_45?crid=2CAHDTR5AV0UH&keywords=skII&qid=1665564619&qu=eyJxc2MiOiIzLjYxIiwicXNhIjoiMi45NiIsInFzcCI6IjIuODAifQ%3D%3D&sprefix=skii%2Caps%2C408&sr=8-45,2022-10-12
DREAM PAIRS Boys Girls Faux Fur Lined Winter Snow Boots (Toddler/Little Kid/Big Kid) Shorty-K,"
                    £29.99
                   ","
                      4.6 out of 5 stars
                     ","
                    6,149
                   ",https://www.amazon.com/Dream-Shorty-K-Chesnut-Sheepskin-Winter/dp/B07MZSY43Q/ref=sr_1_46?crid=2CAHDTR5AV0UH&keywords=skII&qid=1665564619&qu=eyJxc2MiOiIzLjYxIiwicXNhIjoiMi45NiIsInFzcCI6IjIuODAifQ%3D%3D&sprefix=skii%2Caps%2C408&sr=8-46,2022-10-12
"SECRET KEY Starting Treatment Essence Rose Edition 5.07 fl.oz. (150ml) - 94% Galactonyces Fermented Filtrate & Rose Flower Water, Anti-Wrikle & Moisturizing First Step Skin Care Essence, Paraben Free","
                    £23.95
                   ","
                      4.6 out of 5 stars
                     ","
                    206
                   ",https://www.amazon.com/Secret-Key-Starting-Treatment-Essence_Rose/dp/B01HCH690S/ref=sr_1_47?crid=2CAHDTR5AV0UH&keywords=skII&qid=1665564619&qu=eyJxc2MiOiIzLjYxIiwicXNhIjoiMi45NiIsInFzcCI6IjIuODAifQ%3D%3D&sprefix=skii%2Caps%2C408&sr=8-47,2022-10-12
4 Pairs High Performance Ladies Ski Socks Long Hose Thermal Socks-Assorted-UK 4 - 7,"
                    £12.95
                   ","
                      4.5 out of 5 stars
                     ","
                    2,891
                   ",https://www.amazon.com/Pairs-Performance-Ladies-Thermal-Socks-Assorted-UK/dp/B01N5MCB4M/ref=sr_1_48?crid=2CAHDTR5AV0UH&keywords=skII&qid=1665564619&qu=eyJxc2MiOiIzLjYxIiwicXNhIjoiMi45NiIsInFzcCI6IjIuODAifQ%3D%3D&sprefix=skii%2Caps%2C408&sr=8-48,2022-10-12
"Odoland OTG Ski Goggles Set with Detachable Lens, Frameless Interchangeable Magnetic Lens for Skiing Skating Snowboard, Anti-Fog and UV400 Protection Snow Goggles for Men and Women","
                    £39.99
                   ","
                      4.6 out of 5 stars
                     ","
                    492
                   ",https://www.amazon.com/Odoland-Detachable-Interchangeable-Snowmobiles-Protection/dp/B08CGZMM1C/ref=sr_1_50?crid=2CAHDTR5AV0UH&keywords=skII&qid=1665564619&qu=eyJxc2MiOiIzLjYxIiwicXNhIjoiMi45NiIsInFzcCI6IjIuODAifQ%3D%3D&sprefix=skii%2Caps%2C408&sr=8-50,2022-10-12
"Winter Neck Warmer Neck Gaiter Ski Snood for Men with Thermal Fleece Waterproof Fabric, Face Covering Multifunction Headwear Elastic Tube Face Scarf Face Shield for Sports Cycling Skiing, Running","
                    £8.99
                   ","
                      4.4 out of 5 stars
                     ","
                    607
                   ",https://www.amazon.com/Thermal-Waterproof-Covering-Multifunction-Headwear/dp/B08P3JBG38/ref=sr_1_51?crid=2CAHDTR5AV0UH&keywords=skII&qid=1665564619&qu=eyJxc2MiOiIzLjYxIiwicXNhIjoiMi45NiIsInFzcCI6IjIuODAifQ%3D%3D&sprefix=skii%2Caps%2C408&sr=8-51,2022-10-12
"DANISH ENDURANCE Merino Wool Performance Ski Socks, Shin Padding, for Men, Women, Kids, 1 Pack","
                    £26.95
                   ","
                      4.4 out of 5 stars
                     ","
                    3,455
                   ",https://www.amazon.com/DANISH-ENDURANCE-Alpine-Performance-Socks/dp/B07HKB1RS2/ref=sr_1_52?crid=2CAHDTR5AV0UH&keywords=skII&qid=1665564619&qu=eyJxc2MiOiIzLjYxIiwicXNhIjoiMi45NiIsInFzcCI6IjIuODAifQ%3D%3D&sprefix=skii%2Caps%2C408&sr=8-52,2022-10-12
"findway Ski Goggles, Skiing Goggles For Snowboard Jet Snow, For Women Men Ladies Youth Teen OTG Over Helmet Compatible, Anti-fog 100% UV Protection, Anti-glare Ski Goggles, For Skiing Snowboarding","
                    £19.99
                   ","
                      4.5 out of 5 stars
                     ","
                    1,258
                   ",https://www.amazon.com/findway-Compatible-Protection-Anti-glare-Snowboarding/dp/B07MVWWZ3X/ref=sr_1_53?crid=2CAHDTR5AV0UH&keywords=skII&qid=1665564619&qu=eyJxc2MiOiIzLjYxIiwicXNhIjoiMi45NiIsInFzcCI6IjIuODAifQ%3D%3D&sprefix=skii%2Caps%2C408&sr=8-53,2022-10-12
"DANISH ENDURANCE Merino Wool Performance Ski Socks, Shin Padding, for Men, Women, Kids, 2 Pack","
                    £37.95
                   ","
                      4.5 out of 5 stars
                     ","
                    827
                   ",https://www.amazon.com/Alpine-Performance-Socks-packs-Multicolour/dp/B07XYZXYCS/ref=sr_1_54?crid=2CAHDTR5AV0UH&keywords=skII&qid=1665564619&qu=eyJxc2MiOiIzLjYxIiwicXNhIjoiMi45NiIsInFzcCI6IjIuODAifQ%3D%3D&sprefix=skii%2Caps%2C408&sr=8-54,2022-10-12
YEKEYI Women Balaclava Hood hat Winter Cashmere Knitted Beanie Hats Ski Mask Ski Cap Outdoor,"
                    £19.99
                   ","
                      3.9 out of 5 stars
                     ","
                    23
                   ",https://www.amazon.com/YEKEYI-Balaclava-Cashmere-Knitted-Outdoor/dp/B08MT6ZZ4F/ref=sr_1_55?crid=2CAHDTR5AV0UH&keywords=skII&qid=1665564619&qu=eyJxc2MiOiIzLjYxIiwicXNhIjoiMi45NiIsInFzcCI6IjIuODAifQ%3D%3D&sprefix=skii%2Caps%2C408&sr=8-55,2022-10-12
GG ST Balaclava Windproof Ski Mask Winter Thermal Fleece Hood Heavyweight Neck Warmer Snood Outdoor Sports Face Covers Hat For Men & Women,"
                    £13.99
                   ","
                      4.3 out of 5 stars
                     ","
                    2,607
                   ",https://www.amazon.com/GG-ST-Balaclava-Windproof-Heavyweight/dp/B07GNTHWN6/ref=sr_1_56?crid=2CAHDTR5AV0UH&keywords=skII&qid=1665564619&qu=eyJxc2MiOiIzLjYxIiwicXNhIjoiMi45NiIsInFzcCI6IjIuODAifQ%3D%3D&sprefix=skii%2Caps%2C408&sr=8-56,2022-10-12
donhobo Men's Fleece Jacket Winter Waterproof Warm Ski Jackets Windproof Coat With Zip Pockets Hood,"
                      £51.98
                     ","
                        4.4 out of 5 stars
                       ","
                      2,559
                     ",https://www.amazon.com/sspa/click?ie=UTF8&spc=MTo3ODAxMjgwNjY5Njk1NjU4OjE2NjU1NjQ2MTk6c3BfYnRmOjIwMDQzMDM2MDk2MjA2OjowOjo&sp_csd=d2lkZ2V0TmFtZT1zcF9idGY&url=%2Fdonhobo-Waterproof-Jackets-Windproof-Pockets%2Fdp%2FB0787PLRXM%2Fref%3Dsr_1_57_sspa%3Fcrid%3D2CAHDTR5AV0UH%26keywords%3DskII%26qid%3D1665564619%26qu%3DeyJxc2MiOiIzLjYxIiwicXNhIjoiMi45NiIsInFzcCI6IjIuODAifQ%253D%253D%26sprefix%3Dskii%252Caps%252C408%26sr%3D8-57-spons%26psc%3D1,2022-10-12
"NIVEA Cellular LUMINOUS 630 Anti-Dark Spot Advanced Treatment Serum (30ml), Face Serum for Women, Facial Serum For Luminous Skin","
                      £10.00
                     ","
                        4.3 out of 5 stars
                       ","
                      520
                     ",https://www.amazon.com/sspa/click?ie=UTF8&spc=MTo3ODAxMjgwNjY5Njk1NjU4OjE2NjU1NjQ2MTk6c3BfYnRmOjIwMDI3OTMzOTI2ODk4OjowOjo&sp_csd=d2lkZ2V0TmFtZT1zcF9idGY&url=%2FNIVEA-Cellular-LUMINOUS-Anti-Dark-Treatment%2Fdp%2FB096R4DM7Y%2Fref%3Dsr_1_58_sspa%3Fcrid%3D2CAHDTR5AV0UH%26keywords%3DskII%26qid%3D1665564619%26qu%3DeyJxc2MiOiIzLjYxIiwicXNhIjoiMi45NiIsInFzcCI6IjIuODAifQ%253D%253D%26smid%3DA3P5ROKL5A1OLE%26sprefix%3Dskii%252Caps%252C408%26sr%3D8-58-spons%26psc%3D1,2022-10-12
"RAYZOR Ski Goggles Snowboard Goggles For Men & Women – OTG Ski Mask with UV400 Protection – Anti-Fog and Shatterproof Skiing Goggles, Anti-Glare Protective Goggles for Men Women Boys & Girls","
                      £21.95
                     ","
                        4.5 out of 5 stars
                       ","
                      869
                     ",https://www.amazon.com/sspa/click?ie=UTF8&spc=MTo3ODAxMjgwNjY5Njk1NjU4OjE2NjU1NjQ2MTk6c3BfYXRmOjIwMDE2NTI2MzAyMzk4OjowOjo&sp_csd=d2lkZ2V0TmFtZT1zcF9hdGY&url=%2FRayzor-Protection-Comfortable-Shatterproof-Snowmobiles%2Fdp%2FB002MQ6LTY%2Fref%3Dsr_1_1_sspa%3Fcrid%3D2CAHDTR5AV0UH%26keywords%3DskII%26qid%3D1665564619%26qu%3DeyJxc2MiOiIzLjYxIiwicXNhIjoiMi45NiIsInFzcCI6IjIuODAifQ%253D%253D%26sprefix%3Dskii%252Caps%252C408%26sr%3D8-1-spons%26psc%3D1,2022-10-12
Handle Double Shoulder Strap Easily 2Pcs Activities Fixing Fixing Belt Skis Strap Power Training Convenient for Family Skiing Activities,"
                      £10.49
                     ",,,https://www.amazon.com/sspa/click?ie=UTF8&spc=MTo3ODAxMjgwNjY5Njk1NjU4OjE2NjU1NjQ2MTk6c3BfYXRmOjIwMDcxMjg1MDcwMjk4OjowOjo&sp_csd=d2lkZ2V0TmFtZT1zcF9hdGY&url=%2FHandle-Shoulder-Activities-Training-Convenient%2Fdp%2FB09285W6B1%2Fref%3Dsr_1_2_sspa%3Fcrid%3D2CAHDTR5AV0UH%26keywords%3DskII%26qid%3D1665564619%26qu%3DeyJxc2MiOiIzLjYxIiwicXNhIjoiMi45NiIsInFzcCI6IjIuODAifQ%253D%253D%26sprefix%3Dskii%252Caps%252C408%26sr%3D8-2-spons%26psc%3D1,2022-10-12
IMIKEYA 6pcs Ski Straps Adjustable Ski Wraps Ties Ski Board Carrier Fastener Tape Colorful Tape Strap Band for Outdoor Skiing,"
                      £13.29
                     ",,,https://www.amazon.com/sspa/click?ie=UTF8&spc=MTo3ODAxMjgwNjY5Njk1NjU4OjE2NjU1NjQ2MTk6c3BfYXRmOjIwMDU5ODYxMzgwNjAxOjowOjo&sp_csd=d2lkZ2V0TmFtZT1zcF9hdGY&url=%2FIMIKEYA-Adjustable-Carrier-Fastener-Colorful%2Fdp%2FB08YQRQ6B7%2Fref%3Dsr_1_3_sspa%3Fcrid%3D2CAHDTR5AV0UH%26keywords%3DskII%26qid%3D1665564619%26qu%3DeyJxc2MiOiIzLjYxIiwicXNhIjoiMi45NiIsInFzcCI6IjIuODAifQ%253D%253D%26sprefix%3Dskii%252Caps%252C408%26sr%3D8-3-spons%26psc%3D1,2022-10-12
"Pinsofy Ski Shoulder Carrier, Power Training Portable Ski and Pole Carrier Strap, Adjustable 43.3in Skiing Skiers Pole for Fixing Ski","
                      £10.18
                     ",,,https://www.amazon.com/sspa/click?ie=UTF8&spc=MTo3ODAxMjgwNjY5Njk1NjU4OjE2NjU1NjQ2MTk6c3BfYXRmOjIwMDQ2NTYyNDczMjAyOjowOjo&sp_csd=d2lkZ2V0TmFtZT1zcF9hdGY&url=%2FPinsofy-Shoulder-Training-Portable-Adjustable%2Fdp%2FB08P93CBQV%2Fref%3Dsr_1_4_sspa%3Fcrid%3D2CAHDTR5AV0UH%26keywords%3DskII%26qid%3D1665564619%26qu%3DeyJxc2MiOiIzLjYxIiwicXNhIjoiMi45NiIsInFzcCI6IjIuODAifQ%253D%253D%26sprefix%3Dskii%252Caps%252C408%26sr%3D8-4-spons%26psc%3D1,2022-10-12
SK-II Facial Treatment Essence Pitera 7.7oz,"
                    £212.00
                   ","
                      4.4 out of 5 stars
                     ","
                    237
                   ",https://www.amazon.com/SK-II-Facial-Treatment-Essence-Pitera/dp/B01M599DYT/ref=sr_1_5?crid=2CAHDTR5AV0UH&keywords=skII&qid=1665564619&qu=eyJxc2MiOiIzLjYxIiwicXNhIjoiMi45NiIsInFzcCI6IjIuODAifQ%3D%3D&sprefix=skii%2Caps%2C408&sr=8-5,2022-10-12
SK-II GENOPTICS Aura Essence 50ml 2016,"
                    £174.95
                   ","
                      4.1 out of 5 stars
                     ","
                    76
                   ",https://www.amazon.com/SK-II-GENOPTICS-AURA-ESSENCE-50ml/dp/B01BF1SC6Q/ref=sr_1_6?crid=2CAHDTR5AV0UH&keywords=skII&qid=1665564619&qu=eyJxc2MiOiIzLjYxIiwicXNhIjoiMi45NiIsInFzcCI6IjIuODAifQ%3D%3D&sprefix=skii%2Caps%2C408&sr=8-6,2022-10-12
SK-II Facial Treatment Gentle Cleanser - 120ml,"
                    £77.00
                   ","
                      4.1 out of 5 stars
                     ","
                    66
                   ",https://www.amazon.com/SK-II-Cleanser-Facial-Treatment/dp/B00ANEU7HY/ref=sr_1_7?crid=2CAHDTR5AV0UH&keywords=skII&qid=1665564619&qu=eyJxc2MiOiIzLjYxIiwicXNhIjoiMi45NiIsInFzcCI6IjIuODAifQ%3D%3D&sprefix=skii%2Caps%2C408&sr=8-7,2022-10-12
SK-II - Facial Treatment Clear Lotion (230ml),"
                    £83.95
                   ","
                      4.4 out of 5 stars
                     ","
                    189
                   ",https://www.amazon.com/SK-II-Facial-Treatment-Clear-Lotion/dp/B06ZZYQXJG/ref=sr_1_8?crid=2CAHDTR5AV0UH&keywords=skII&qid=1665564619&qu=eyJxc2MiOiIzLjYxIiwicXNhIjoiMi45NiIsInFzcCI6IjIuODAifQ%3D%3D&sprefix=skii%2Caps%2C408&sr=8-8,2022-10-12
Facial Treatment Mask SKII 10 Pcs Treatment For Unisex,"
                    £116.68
                   ","
                      4.4 out of 5 stars
                     ","
                    203
                   ",https://www.amazon.com/Facial-Treatment-Mask-SKII-Unisex/dp/B00JDVP18S/ref=sr_1_9?crid=2CAHDTR5AV0UH&keywords=skII&qid=1665564619&qu=eyJxc2MiOiIzLjYxIiwicXNhIjoiMi45NiIsInFzcCI6IjIuODAifQ%3D%3D&sprefix=skii%2Caps%2C408&sr=8-9,2022-10-12
SK II Facial Treatment Essence 230ml,"
                    £177.21
                   ","
                      4.3 out of 5 stars
                     ","
                    526
                   ",https://www.amazon.com/SK-Facial-Treatment-Essence-230ml/dp/B01296JRMO/ref=sr_1_10?crid=2CAHDTR5AV0UH&keywords=skII&qid=1665564619&qu=eyJxc2MiOiIzLjYxIiwicXNhIjoiMi45NiIsInFzcCI6IjIuODAifQ%3D%3D&sprefix=skii%2Caps%2C408&sr=8-10,2022-10-12
SK-II R.N.A Power Radical New Age Eye Cream 0.5oz,"
                    £99.98
                   ","
                      4.0 out of 5 stars
                     ","
                    121
                   ",https://www.amazon.com/SK-II-Power-Radical-Cream-0-5oz/dp/B0716JS4KX/ref=sr_1_11?crid=2CAHDTR5AV0UH&keywords=skII&qid=1665564619&qu=eyJxc2MiOiIzLjYxIiwicXNhIjoiMi45NiIsInFzcCI6IjIuODAifQ%3D%3D&sprefix=skii%2Caps%2C408&sr=8-11,2022-10-12
DREAM PAIRS Womens Outdoor Snow Boots Ladies Winter Boot Waterproof Lightweight Warm Fashion Shoes,"
                    £34.99
                   ","
                      5.0 out of 5 stars
                     ","
                    1
                   ",https://www.amazon.com/DREAM-PAIRS-Waterproof-Lightweight-SDSB2213W/dp/B09ZLGYNR7/ref=sr_1_12?crid=2CAHDTR5AV0UH&keywords=skII&qid=1665564619&qu=eyJxc2MiOiIzLjYxIiwicXNhIjoiMi45NiIsInFzcCI6IjIuODAifQ%3D%3D&sprefix=skii%2Caps%2C408&sr=8-12,2022-10-12
"Morrisons Chocolate Mousse 6 Pots, 360 g","
                    £1.25
                   ","
                      4.4 out of 5 stars
                     ","
                    702
                   ",https://www.amazon.com/Morrisons-Chocolate-Mousse-60g-pots/dp/B01AWH2NJ6/ref=sr_1_13_f3_0o_morri?crid=2CAHDTR5AV0UH&keywords=skII&qid=1665564619&qu=eyJxc2MiOiIzLjYxIiwicXNhIjoiMi45NiIsInFzcCI6IjIuODAifQ%3D%3D&sprefix=skii%2Caps%2C408&sr=8-13,2022-10-12
"Paula's Choice Skin Perfecting 2% BHA Liquid Exfoliant - Face Exfoliating Peel Fights Blackheads, Breakouts & Enlarged Pores - with Salicylic Acid - Combination, Oily & Acne Prone Skin - 118 ml","
                    £33.00
                   ","
                      4.5 out of 5 stars
                     ","
                    13,124
                   ",https://www.amazon.com/Paulas-Choice-Perfecting-Liquid-Exfoliant/dp/B07PCSNFLP/ref=sr_1_14?crid=2CAHDTR5AV0UH&keywords=skII&qid=1665564619&qu=eyJxc2MiOiIzLjYxIiwicXNhIjoiMi45NiIsInFzcCI6IjIuODAifQ%3D%3D&sprefix=skii%2Caps%2C408&sr=8-14,2022-10-12
MEDIHEAL Official [Korea's No 1 Sheet Mask] - Collagen Essential Lifting & Firming Mask (5 Masks),"
                    £11.05
                   ","
                      4.6 out of 5 stars
                     ","
                    1,392
                   ",https://www.amazon.com/MEDIHEAL-Official-Koreas-Sheet-Mask/dp/B07T32XPCW/ref=sr_1_15?crid=2CAHDTR5AV0UH&keywords=skII&qid=1665564619&qu=eyJxc2MiOiIzLjYxIiwicXNhIjoiMi45NiIsInFzcCI6IjIuODAifQ%3D%3D&sprefix=skii%2Caps%2C408&sr=8-15,2022-10-12
"OutdoorMaster Ski Goggles PRO - Frameless, Interchangeable Lens 100% UV400 Protection Snow Goggles for Men & Women","
                    £37.99
                   ","
                      4.6 out of 5 stars
                     ","
                    7,834
                   ",https://www.amazon.com/OutdoorMaster-Ski-Goggles-PRO-Interchangeable/dp/B014XKTFI0/ref=sr_1_16?crid=2CAHDTR5AV0UH&keywords=skII&qid=1665564619&qu=eyJxc2MiOiIzLjYxIiwicXNhIjoiMi45NiIsInFzcCI6IjIuODAifQ%3D%3D&sprefix=skii%2Caps%2C408&sr=8-16,2022-10-12
Retinol Moisturizer for Face (120ml) – Anti Ageing Face Cream Reduces Scars Ance and Wrinkles with Hyaluronic Acid and Vitamin E,"
                    £18.88
                   ","
                      4.2 out of 5 stars
                     ","
                    7,345
                   ",https://www.amazon.com/2-5-Retinol-Moisturizer-Face-120ml/dp/B017XZVYMC/ref=sr_1_17?crid=2CAHDTR5AV0UH&keywords=skII&qid=1665564619&qu=eyJxc2MiOiIzLjYxIiwicXNhIjoiMi45NiIsInFzcCI6IjIuODAifQ%3D%3D&sprefix=skii%2Caps%2C408&sr=8-17,2022-10-12
Skinfood Facial Mask Rice Wash Off - 3.52 Oz,"
                    £13.00
                   ","
                      4.4 out of 5 stars
                     ","
                    127
                   ",https://www.amazon.com/Skin-food-Rice-Mask-Ounce/dp/B004FKNYWW/ref=sr_1_18?crid=2CAHDTR5AV0UH&keywords=skII&qid=1665564619&qu=eyJxc2MiOiIzLjYxIiwicXNhIjoiMi45NiIsInFzcCI6IjIuODAifQ%3D%3D&sprefix=skii%2Caps%2C408&sr=8-18,2022-10-12
Balaclava Ski Mask for Men Women Face Mask for Cold Weather Winter Windproof Outdoors in Winter Neck Warmer Multifunctional Sports Cold Weather Gear,"
                    £12.88
                   ","
                      4.1 out of 5 stars
                     ","
                    1,748
                   ",https://www.amazon.com/Balaclava-Windproof-Motorcycle-Multifunctional-Snowboard/dp/B0756RNPR8/ref=sr_1_19?crid=2CAHDTR5AV0UH&keywords=skII&qid=1665564619&qu=eyJxc2MiOiIzLjYxIiwicXNhIjoiMi45NiIsInFzcCI6IjIuODAifQ%3D%3D&sprefix=skii%2Caps%2C408&sr=8-19,2022-10-12
"SLOPE WARRIOR Cosmic Rider Merino Wool Alpine Performance Socks, for Men, Women, Shin Padding, Fast Drying, Warm, Knee High Thermal Socks for Ski, Snowboarding and Mountaineering","
                    £18.60
                   ","
                      4.1 out of 5 stars
                     ","
                    4
                   ",https://www.amazon.com/SLOPE-WARRIOR-Cosmic-Rider-High-Performance/dp/B07SX7RL28/ref=sr_1_20?crid=2CAHDTR5AV0UH&keywords=skII&qid=1665564619&qu=eyJxc2MiOiIzLjYxIiwicXNhIjoiMi45NiIsInFzcCI6IjIuODAifQ%3D%3D&sprefix=skii%2Caps%2C408&sr=8-20,2022-10-12
NORTIV 8 Men's 170410 Insulated Waterproof Construction Hiking Winter Snow Boots,"
                    £46.99
                   ","
                      4.4 out of 5 stars
                     ","
                    4,198
                   ",https://www.amazon.com/NORTIV-170410-Waterproof-Winter-Boots/dp/B07FS7B753/ref=sr_1_21?crid=2CAHDTR5AV0UH&keywords=skII&qid=1665564619&qu=eyJxc2MiOiIzLjYxIiwicXNhIjoiMi45NiIsInFzcCI6IjIuODAifQ%3D%3D&sprefix=skii%2Caps%2C408&sr=8-21,2022-10-12
"Snowledge Ski Snowboard Goggles with UV400 Protection, Skiing Snowboarding Goggles of Dual Lens with Anti Fog for Men, Women,Helmet Compatible","
                    £27.99
                   ","
                      4.5 out of 5 stars
                     ","
                    782
                   ",https://www.amazon.com/Snowledge-Snowboard-Goggles-Protection-Compatible/dp/B07GQN2PJ4/ref=sr_1_22?crid=2CAHDTR5AV0UH&keywords=skII&qid=1665564619&qu=eyJxc2MiOiIzLjYxIiwicXNhIjoiMi45NiIsInFzcCI6IjIuODAifQ%3D%3D&sprefix=skii%2Caps%2C408&sr=8-22,2022-10-12
"Merino Wool Ski Socks, Cold Weather Knee-High Thermal Socks for Winter, Snow, Snowboarding, Hiking","
                    £22.31
                   ","
                      4.7 out of 5 stars
                     ","
                    122
                   ",https://www.amazon.com/Merino-Weather-Knee-High-Thermal-Snowboarding/dp/B09M3HCSGS/ref=sr_1_23?crid=2CAHDTR5AV0UH&keywords=skII&qid=1665564619&qu=eyJxc2MiOiIzLjYxIiwicXNhIjoiMi45NiIsInFzcCI6IjIuODAifQ%3D%3D&sprefix=skii%2Caps%2C408&sr=8-23,2022-10-12
OutdoorMaster Ski Goggles PRO Replacement Lens,"
                    £27.99
                   ","
                      4.6 out of 5 stars
                     ","
                    2,372
                   ",https://www.amazon.com/OutdoorMaster-Ski-Goggles-Replacement-Lens/dp/B074JY1NHC/ref=sr_1_24?crid=2CAHDTR5AV0UH&keywords=skII&qid=1665564619&qu=eyJxc2MiOiIzLjYxIiwicXNhIjoiMi45NiIsInFzcCI6IjIuODAifQ%3D%3D&sprefix=skii%2Caps%2C408&sr=8-24,2022-10-12
"Merino Wool Socks High Performance Compression Ski Socks Mens and Women Thermal Knee High Socks, 2 Pairs","
                    £25.99
                   ","
                      4.4 out of 5 stars
                     ","
                    39
                   ",https://www.amazon.com/Merino-Performance-Compression-Socks-Thermal/dp/B09MD5RHY3/ref=sr_1_25?crid=2CAHDTR5AV0UH&keywords=skII&qid=1665564619&qu=eyJxc2MiOiIzLjYxIiwicXNhIjoiMi45NiIsInFzcCI6IjIuODAifQ%3D%3D&sprefix=skii%2Caps%2C408&sr=8-25,2022-10-12
DREAM PAIRS Women’s Waterproof Wellington Duck Rain Boots Outdoor Ankle Low Heel Snow Boots Ladies Originals Lace-up Winter Boots,"
                    £29.99
                   ","
                      5.0 out of 5 stars
                     ","
                    1
                   ",https://www.amazon.com/DREAM-PAIRS-Originals-Waterproof-SDSB2211W-1/dp/B09ZLGFH4D/ref=sr_1_26?crid=2CAHDTR5AV0UH&keywords=skII&qid=1665564619&qu=eyJxc2MiOiIzLjYxIiwicXNhIjoiMi45NiIsInFzcCI6IjIuODAifQ%3D%3D&sprefix=skii%2Caps%2C408&sr=8-26,2022-10-12
"RAYZOR Ski Goggles Snowboard Goggles For Men & Women – OTG Ski Mask with UV400 Protection – Anti-Fog and Shatterproof Skiing Goggles, Anti-Glare Protective Goggles for Men Women Boys & Girls","
                    £21.95
                   ","
                      4.5 out of 5 stars
                     ","
                    869
                   ",https://www.amazon.com/Rayzor-Protection-Comfortable-Shatterproof-Snowmobiles/dp/B002MQ6LTY/ref=sr_1_27?crid=2CAHDTR5AV0UH&keywords=skII&qid=1665564619&qu=eyJxc2MiOiIzLjYxIiwicXNhIjoiMi45NiIsInFzcCI6IjIuODAifQ%3D%3D&sprefix=skii%2Caps%2C408&sr=8-27,2022-10-12
5 Pairs Mens High Performance Thermal Ski Socks - Multicoloured - Mens UK Size 6-11 (EU 39-45),"
                    £11.95
                   ","
                      4.3 out of 5 stars
                     ","
                    363
                   ",https://www.amazon.com/SX167-6-11-Mens-Socks-Pack-6-11/dp/B08M3QKF95/ref=sr_1_28?crid=2CAHDTR5AV0UH&keywords=skII&qid=1665564619&qu=eyJxc2MiOiIzLjYxIiwicXNhIjoiMi45NiIsInFzcCI6IjIuODAifQ%3D%3D&sprefix=skii%2Caps%2C408&sr=8-28,2022-10-12
"SPOSUNE OTG Ski Goggles - Over Glasses Snow Snowboard Goggle with Anti fog Dual lens for Men Women Youth Kids Skiing Skating Snowmobile, Windproof UV400 Protection Winter Sports Protective Glasses","
                    £25.99
                   ","
                      4.6 out of 5 stars
                     ","
                    705
                   ",https://www.amazon.com/SPOSUNE-Protection-Spherical-Snowboard-Compatible/dp/B07WP2LSLR/ref=sr_1_29?crid=2CAHDTR5AV0UH&keywords=skII&qid=1665564619&qu=eyJxc2MiOiIzLjYxIiwicXNhIjoiMi45NiIsInFzcCI6IjIuODAifQ%3D%3D&sprefix=skii%2Caps%2C408&sr=8-29,2022-10-12
SAITAG Balaclava Ski Mask Warm Face Mask for Cold Weather Winter Skiing Snowboarding Motorcycling Ice Fishing Men,"
                    £17.59
                   ","
                      4.6 out of 5 stars
                     ","
                    364
                   ",https://www.amazon.com/SAITAG-Balaclava-Weather-Snowboarding-Motorcycling/dp/B09D2VX1F6/ref=sr_1_30?crid=2CAHDTR5AV0UH&keywords=skII&qid=1665564619&qu=eyJxc2MiOiIzLjYxIiwicXNhIjoiMi45NiIsInFzcCI6IjIuODAifQ%3D%3D&sprefix=skii%2Caps%2C408&sr=8-30,2022-10-12
"2 Pairs Men's Wool Socks, 80% Merino, Hiking Walking Thermal Athletic Socks for Winter Outdoor Recreation Trekking Climbing(UK M-L)","
                    £11.99
                   ","
                      4.4 out of 5 stars
                     ","
                    513
                   ",https://www.amazon.com/Walking-Athletic-Recreation-Trekking-Climbing/dp/B07XGK6VDJ/ref=sr_1_31?crid=2CAHDTR5AV0UH&keywords=skII&qid=1665564619&qu=eyJxc2MiOiIzLjYxIiwicXNhIjoiMi45NiIsInFzcCI6IjIuODAifQ%3D%3D&sprefix=skii%2Caps%2C408&sr=8-31,2022-10-12
"Mountain Warehouse Kids Ski Jacket & Trousers Set - Snowproof Ski Outfit, Front Pockets, Fleece Lined Skiwear, Integrated Snowskirt - Best for Winter Snowboarding","
                    £59.99
                   ","
                      4.6 out of 5 stars
                     ","
                    1,423
                   ",https://www.amazon.com/Mountain-Warehouse-Kids-Jacket-Trousers/dp/B08SKQJ5R6/ref=sr_1_32?crid=2CAHDTR5AV0UH&keywords=skII&qid=1665564619&qu=eyJxc2MiOiIzLjYxIiwicXNhIjoiMi45NiIsInFzcCI6IjIuODAifQ%3D%3D&sprefix=skii%2Caps%2C408&sr=8-32,2022-10-12
"DANISH ENDURANCE Merino Wool Performance Ski Socks, Shin Padding, for Men, Women, Kids, 1 Pack","
                      £26.95
                     ","
                        4.4 out of 5 stars
                       ","
                      3,455
                     ",https://www.amazon.com/sspa/click?ie=UTF8&spc=MTo3ODAxMjgwNjY5Njk1NjU4OjE2NjU1NjQ2MTk6c3BfbXRmOjIwMDcwNDgxMjAzMTA4OjowOjo&sp_csd=d2lkZ2V0TmFtZT1zcF9tdGY&url=%2FDANISH-ENDURANCE-Alpine-Performance-Yellow%2Fdp%2FB07G4BYKTC%2Fref%3Dsr_1_33_sspa%3Fcrid%3D2CAHDTR5AV0UH%26keywords%3DskII%26qid%3D1665564619%26qu%3DeyJxc2MiOiIzLjYxIiwicXNhIjoiMi45NiIsInFzcCI6IjIuODAifQ%253D%253D%26sprefix%3Dskii%252Caps%252C408%26sr%3D8-33-spons%26psc%3D1,2022-10-12
AKSIUM ACCESS,"
                      £38.96
                     ","
                        4.5 out of 5 stars
                       ","
                      656
                     ",https://www.amazon.com/sspa/click?ie=UTF8&spc=MTo3ODAxMjgwNjY5Njk1NjU4OjE2NjU1NjQ2MTk6c3BfbXRmOjIwMDgxNTY2OTkzNTk4OjowOjo&sp_csd=d2lkZ2V0TmFtZT1zcF9tdGY&url=%2FSalomon-Aksium-Goggles-Universal-L40846100%2Fdp%2FB07WKN59J7%2Fref%3Dsr_1_34_sspa%3Fcrid%3D2CAHDTR5AV0UH%26keywords%3DskII%26qid%3D1665564619%26qu%3DeyJxc2MiOiIzLjYxIiwicXNhIjoiMi45NiIsInFzcCI6IjIuODAifQ%253D%253D%26sprefix%3Dskii%252Caps%252C408%26sr%3D8-34-spons%26psc%3D1,2022-10-12
"JVR Blackhead Remover Mask for Men, Bamboo Charcoal Peel Off Black Mask, Purifying & Deep Cleansing for All Skin Types 120g","
                      £9.99
                     ","
                        4.0 out of 5 stars
                       ","
                      504
                     ",https://www.amazon.com/sspa/click?ie=UTF8&spc=MTo3ODAxMjgwNjY5Njk1NjU4OjE2NjU1NjQ2MTk6c3BfbXRmOjIwMDc2NTczMzAyMzk4OjowOjo&sp_csd=d2lkZ2V0TmFtZT1zcF9tdGY&url=%2FJVR-Blackhead-Charcoal-Purifying-Cleansing%2Fdp%2FB087JBPNT5%2Fref%3Dsr_1_35_sspa%3Fcrid%3D2CAHDTR5AV0UH%26keywords%3DskII%26qid%3D1665564619%26qu%3DeyJxc2MiOiIzLjYxIiwicXNhIjoiMi45NiIsInFzcCI6IjIuODAifQ%253D%253D%26sprefix%3Dskii%252Caps%252C408%26sr%3D8-35-spons%26psc%3D1,2022-10-12
REN Clean Skincare Supersize Overnight Recovery Balm 50ml,"
                      £49.00
                     ",,"
                     (£98.00/100 ml)
                    ",https://www.amazon.com/sspa/click?ie=UTF8&spc=MTo3ODAxMjgwNjY5Njk1NjU4OjE2NjU1NjQ2MTk6c3BfbXRmOjIwMDY4Mjg2NjY1ODk4OjowOjo&sp_csd=d2lkZ2V0TmFtZT1zcF9tdGY&url=%2FREN-Clean-Skincare-Supersize-Overnight%2Fdp%2FB09NQFPQ4N%2Fref%3Dsr_1_36_sspa%3Fcrid%3D2CAHDTR5AV0UH%26keywords%3DskII%26qid%3D1665564619%26qu%3DeyJxc2MiOiIzLjYxIiwicXNhIjoiMi45NiIsInFzcCI6IjIuODAifQ%253D%253D%26smid%3DA3P5ROKL5A1OLE%26sprefix%3Dskii%252Caps%252C408%26sr%3D8-36-spons%26psc%3D1,2022-10-12
Blulu Ski Mask Winter Balaclava Ski Mask Warm Full Face Ski Mask Thermal Men Ski Mask 3 Hole Knit Face Mask for Outdoor Sports,"
                    £7.59
                   ","
                      3.9 out of 5 stars
                     ","
                    92
                   ",https://www.amazon.com/Winter-Balaclava-Thermal-3-Hole-Outdoor/dp/B09J16SXYJ/ref=sr_1_37?crid=2CAHDTR5AV0UH&keywords=skII&qid=1665564619&qu=eyJxc2MiOiIzLjYxIiwicXNhIjoiMi45NiIsInFzcCI6IjIuODAifQ%3D%3D&sprefix=skii%2Caps%2C408&sr=8-37,2022-10-12
"coskefy Thermal Gloves, -20℉ Coldproof Touchscreen Ski Gloves Waterproof Winter Gloves 3M Thinsulate Snow Gloves for Walking Snowboarding Hiking Outdoor","
                    £11.04
                   ","
                      4.5 out of 5 stars
                     ","
                    1,967
                   ",https://www.amazon.com/coskefy-Thermal-Thinsulate-Touchscreen-Snowboarding/dp/B07HGQMK4H/ref=sr_1_38?crid=2CAHDTR5AV0UH&keywords=skII&qid=1665564619&qu=eyJxc2MiOiIzLjYxIiwicXNhIjoiMi45NiIsInFzcCI6IjIuODAifQ%3D%3D&smid=A3PNIR7C4EEUQS&sprefix=skii%2Caps%2C408&sr=8-38,2022-10-12
BODY ARMOUR CE MOTORBIKE/MOTORCYCLE/MOTOCROSS SKIING SKATING SNOW BOARD IMPACT PADDED SPINE GUARD PROTECTIVE SUIT (M),"
                    £49.99
                   ","
                      3.5 out of 5 stars
                     ","
                    8
                   ",https://www.amazon.com/ARMOUR-MOTORBIKE-MOTORCYCLE-MOTOCROSS-PROTECTIVE/dp/B07DCFMPB3/ref=sr_1_39?crid=2CAHDTR5AV0UH&keywords=skII&qid=1665564619&qu=eyJxc2MiOiIzLjYxIiwicXNhIjoiMi45NiIsInFzcCI6IjIuODAifQ%3D%3D&sprefix=skii%2Caps%2C408&sr=8-39,2022-10-12
4 Pairs of Mens High Performance Thermal Ski Socks-Assorted-UK 6 - 11 ( Eur 39 - 45 ),"
                    £12.95
                   ","
                      4.5 out of 5 stars
                     ","
                    4,028
                   ",https://www.amazon.com/Pairs-Mens-Performance-Thermal-Socks-Assorted-UK/dp/B01N59WFGI/ref=sr_1_40?crid=2CAHDTR5AV0UH&keywords=skII&qid=1665564619&qu=eyJxc2MiOiIzLjYxIiwicXNhIjoiMi45NiIsInFzcCI6IjIuODAifQ%3D%3D&sprefix=skii%2Caps%2C408&sr=8-40,2022-10-12
Sakkas Booker Cashmere Feel Solid Colored Unisex Winter Scarf With Fringe,"
                    £12.99
                   ","
                      4.4 out of 5 stars
                     ","
                    443
                   ",https://www.amazon.com/Sakkas-1590-Booker-Cashmere-Colored/dp/B07CP2KVM9/ref=sr_1_42?crid=2CAHDTR5AV0UH&keywords=skII&qid=1665564619&qu=eyJxc2MiOiIzLjYxIiwicXNhIjoiMi45NiIsInFzcCI6IjIuODAifQ%3D%3D&sprefix=skii%2Caps%2C408&sr=8-42,2022-10-12
"L'Oréal Paris Perfect Golden Age Re-Activating Essence, 125ml","
                    £16.99
                   ","
                      4.5 out of 5 stars
                     ","
                    631
                   ",https://www.amazon.com/LOr%C3%A9al-Perfect-Golden-Re-Activating-Essence/dp/B01AIPJ4A8/ref=sr_1_43?crid=2CAHDTR5AV0UH&keywords=skII&qid=1665564619&qu=eyJxc2MiOiIzLjYxIiwicXNhIjoiMi45NiIsInFzcCI6IjIuODAifQ%3D%3D&sprefix=skii%2Caps%2C408&sr=8-43,2022-10-12
donhobo Men's Fleece Jacket Winter Waterproof Warm Ski Jackets Windproof Coat With Zip Pockets Hood,"
                    £51.98
                   ","
                      4.4 out of 5 stars
                     ","
                    2,559
                   ",https://www.amazon.com/donhobo-Waterproof-Jackets-Windproof-Pockets/dp/B0787PLRXM/ref=sr_1_44?crid=2CAHDTR5AV0UH&keywords=skII&qid=1665564619&qu=eyJxc2MiOiIzLjYxIiwicXNhIjoiMi45NiIsInFzcCI6IjIuODAifQ%3D%3D&sprefix=skii%2Caps%2C408&sr=8-44,2022-10-12
Sock Stack 4 Pairs Of Mens Performance Ski Sock Long Thermal Heat Pro Winter Cushioned Arch Support Snowboard Socks With Full Terry Socks UK Size 6-11,"
                    £9.95
                   ","
                      4.2 out of 5 stars
                     ","
                    223
                   ",https://www.amazon.com/Sock-Stack-Performance-Cushioned-Snowboard/dp/B07YRXCDVJ/ref=sr_1_45?crid=2CAHDTR5AV0UH&keywords=skII&qid=1665564619&qu=eyJxc2MiOiIzLjYxIiwicXNhIjoiMi45NiIsInFzcCI6IjIuODAifQ%3D%3D&sprefix=skii%2Caps%2C408&sr=8-45,2022-10-12
DREAM PAIRS Boys Girls Faux Fur Lined Winter Snow Boots (Toddler/Little Kid/Big Kid) Shorty-K,"
                    £29.99
                   ","
                      4.6 out of 5 stars
                     ","
                    6,149
                   ",https://www.amazon.com/Dream-Shorty-K-Chesnut-Sheepskin-Winter/dp/B07MZSY43Q/ref=sr_1_46?crid=2CAHDTR5AV0UH&keywords=skII&qid=1665564619&qu=eyJxc2MiOiIzLjYxIiwicXNhIjoiMi45NiIsInFzcCI6IjIuODAifQ%3D%3D&sprefix=skii%2Caps%2C408&sr=8-46,2022-10-12
"SECRET KEY Starting Treatment Essence Rose Edition 5.07 fl.oz. (150ml) - 94% Galactonyces Fermented Filtrate & Rose Flower Water, Anti-Wrikle & Moisturizing First Step Skin Care Essence, Paraben Free","
                    £23.95
                   ","
                      4.6 out of 5 stars
                     ","
                    206
                   ",https://www.amazon.com/Secret-Key-Starting-Treatment-Essence_Rose/dp/B01HCH690S/ref=sr_1_47?crid=2CAHDTR5AV0UH&keywords=skII&qid=1665564619&qu=eyJxc2MiOiIzLjYxIiwicXNhIjoiMi45NiIsInFzcCI6IjIuODAifQ%3D%3D&sprefix=skii%2Caps%2C408&sr=8-47,2022-10-12
4 Pairs High Performance Ladies Ski Socks Long Hose Thermal Socks-Assorted-UK 4 - 7,"
                    £12.95
                   ","
                      4.5 out of 5 stars
                     ","
                    2,891
                   ",https://www.amazon.com/Pairs-Performance-Ladies-Thermal-Socks-Assorted-UK/dp/B01N5MCB4M/ref=sr_1_48?crid=2CAHDTR5AV0UH&keywords=skII&qid=1665564619&qu=eyJxc2MiOiIzLjYxIiwicXNhIjoiMi45NiIsInFzcCI6IjIuODAifQ%3D%3D&sprefix=skii%2Caps%2C408&sr=8-48,2022-10-12
"Odoland OTG Ski Goggles Set with Detachable Lens, Frameless Interchangeable Magnetic Lens for Skiing Skating Snowboard, Anti-Fog and UV400 Protection Snow Goggles for Men and Women","
                    £39.99
                   ","
                      4.6 out of 5 stars
                     ","
                    492
                   ",https://www.amazon.com/Odoland-Detachable-Interchangeable-Snowmobiles-Protection/dp/B08CGZMM1C/ref=sr_1_50?crid=2CAHDTR5AV0UH&keywords=skII&qid=1665564619&qu=eyJxc2MiOiIzLjYxIiwicXNhIjoiMi45NiIsInFzcCI6IjIuODAifQ%3D%3D&sprefix=skii%2Caps%2C408&sr=8-50,2022-10-12
"Winter Neck Warmer Neck Gaiter Ski Snood for Men with Thermal Fleece Waterproof Fabric, Face Covering Multifunction Headwear Elastic Tube Face Scarf Face Shield for Sports Cycling Skiing, Running","
                    £8.99
                   ","
                      4.4 out of 5 stars
                     ","
                    607
                   ",https://www.amazon.com/Thermal-Waterproof-Covering-Multifunction-Headwear/dp/B08P3JBG38/ref=sr_1_51?crid=2CAHDTR5AV0UH&keywords=skII&qid=1665564619&qu=eyJxc2MiOiIzLjYxIiwicXNhIjoiMi45NiIsInFzcCI6IjIuODAifQ%3D%3D&sprefix=skii%2Caps%2C408&sr=8-51,2022-10-12
"DANISH ENDURANCE Merino Wool Performance Ski Socks, Shin Padding, for Men, Women, Kids, 1 Pack","
                    £26.95
                   ","
                      4.4 out of 5 stars
                     ","
                    3,455
                   ",https://www.amazon.com/DANISH-ENDURANCE-Alpine-Performance-Socks/dp/B07HKB1RS2/ref=sr_1_52?crid=2CAHDTR5AV0UH&keywords=skII&qid=1665564619&qu=eyJxc2MiOiIzLjYxIiwicXNhIjoiMi45NiIsInFzcCI6IjIuODAifQ%3D%3D&sprefix=skii%2Caps%2C408&sr=8-52,2022-10-12
"findway Ski Goggles, Skiing Goggles For Snowboard Jet Snow, For Women Men Ladies Youth Teen OTG Over Helmet Compatible, Anti-fog 100% UV Protection, Anti-glare Ski Goggles, For Skiing Snowboarding","
                    £19.99
                   ","
                      4.5 out of 5 stars
                     ","
                    1,258
                   ",https://www.amazon.com/findway-Compatible-Protection-Anti-glare-Snowboarding/dp/B07MVWWZ3X/ref=sr_1_53?crid=2CAHDTR5AV0UH&keywords=skII&qid=1665564619&qu=eyJxc2MiOiIzLjYxIiwicXNhIjoiMi45NiIsInFzcCI6IjIuODAifQ%3D%3D&sprefix=skii%2Caps%2C408&sr=8-53,2022-10-12
"DANISH ENDURANCE Merino Wool Performance Ski Socks, Shin Padding, for Men, Women, Kids, 2 Pack","
                    £37.95
                   ","
                      4.5 out of 5 stars
                     ","
                    827
                   ",https://www.amazon.com/Alpine-Performance-Socks-packs-Multicolour/dp/B07XYZXYCS/ref=sr_1_54?crid=2CAHDTR5AV0UH&keywords=skII&qid=1665564619&qu=eyJxc2MiOiIzLjYxIiwicXNhIjoiMi45NiIsInFzcCI6IjIuODAifQ%3D%3D&sprefix=skii%2Caps%2C408&sr=8-54,2022-10-12
YEKEYI Women Balaclava Hood hat Winter Cashmere Knitted Beanie Hats Ski Mask Ski Cap Outdoor,"
                    £19.99
                   ","
                      3.9 out of 5 stars
                     ","
                    23
                   ",https://www.amazon.com/YEKEYI-Balaclava-Cashmere-Knitted-Outdoor/dp/B08MT6ZZ4F/ref=sr_1_55?crid=2CAHDTR5AV0UH&keywords=skII&qid=1665564619&qu=eyJxc2MiOiIzLjYxIiwicXNhIjoiMi45NiIsInFzcCI6IjIuODAifQ%3D%3D&sprefix=skii%2Caps%2C408&sr=8-55,2022-10-12
GG ST Balaclava Windproof Ski Mask Winter Thermal Fleece Hood Heavyweight Neck Warmer Snood Outdoor Sports Face Covers Hat For Men & Women,"
                    £13.99
                   ","
                      4.3 out of 5 stars
                     ","
                    2,607
                   ",https://www.amazon.com/GG-ST-Balaclava-Windproof-Heavyweight/dp/B07GNTHWN6/ref=sr_1_56?crid=2CAHDTR5AV0UH&keywords=skII&qid=1665564619&qu=eyJxc2MiOiIzLjYxIiwicXNhIjoiMi45NiIsInFzcCI6IjIuODAifQ%3D%3D&sprefix=skii%2Caps%2C408&sr=8-56,2022-10-12
donhobo Men's Fleece Jacket Winter Waterproof Warm Ski Jackets Windproof Coat With Zip Pockets Hood,"
                      £51.98
                     ","
                        4.4 out of 5 stars
                       ","
                      2,559
                     ",https://www.amazon.com/sspa/click?ie=UTF8&spc=MTo3ODAxMjgwNjY5Njk1NjU4OjE2NjU1NjQ2MTk6c3BfYnRmOjIwMDQzMDM2MDk2MjA2OjowOjo&sp_csd=d2lkZ2V0TmFtZT1zcF9idGY&url=%2Fdonhobo-Waterproof-Jackets-Windproof-Pockets%2Fdp%2FB0787PLRXM%2Fref%3Dsr_1_57_sspa%3Fcrid%3D2CAHDTR5AV0UH%26keywords%3DskII%26qid%3D1665564619%26qu%3DeyJxc2MiOiIzLjYxIiwicXNhIjoiMi45NiIsInFzcCI6IjIuODAifQ%253D%253D%26sprefix%3Dskii%252Caps%252C408%26sr%3D8-57-spons%26psc%3D1,2022-10-12
"NIVEA Cellular LUMINOUS 630 Anti-Dark Spot Advanced Treatment Serum (30ml), Face Serum for Women, Facial Serum For Luminous Skin","
                      £10.00
                     ","
                        4.3 out of 5 stars
                       ","
                      520
                     ",https://www.amazon.com/sspa/click?ie=UTF8&spc=MTo3ODAxMjgwNjY5Njk1NjU4OjE2NjU1NjQ2MTk6c3BfYnRmOjIwMDI3OTMzOTI2ODk4OjowOjo&sp_csd=d2lkZ2V0TmFtZT1zcF9idGY&url=%2FNIVEA-Cellular-LUMINOUS-Anti-Dark-Treatment%2Fdp%2FB096R4DM7Y%2Fref%3Dsr_1_58_sspa%3Fcrid%3D2CAHDTR5AV0UH%26keywords%3DskII%26qid%3D1665564619%26qu%3DeyJxc2MiOiIzLjYxIiwicXNhIjoiMi45NiIsInFzcCI6IjIuODAifQ%253D%253D%26smid%3DA3P5ROKL5A1OLE%26sprefix%3Dskii%252Caps%252C408%26sr%3D8-58-spons%26psc%3D1,2022-10-12
"RAYZOR Ski Goggles Snowboard Goggles For Men & Women – OTG Ski Mask with UV400 Protection – Anti-Fog and Shatterproof Skiing Goggles, Anti-Glare Protective Goggles for Men Women Boys & Girls","
                      £21.95
                     ","
                        4.5 out of 5 stars
                       ","
                      869
                     ",https://www.amazon.com/sspa/click?ie=UTF8&spc=MTo3ODAxMjgwNjY5Njk1NjU4OjE2NjU1NjQ2MTk6c3BfYXRmOjIwMDE2NTI2MzAyMzk4OjowOjo&sp_csd=d2lkZ2V0TmFtZT1zcF9hdGY&url=%2FRayzor-Protection-Comfortable-Shatterproof-Snowmobiles%2Fdp%2FB002MQ6LTY%2Fref%3Dsr_1_1_sspa%3Fcrid%3D2CAHDTR5AV0UH%26keywords%3DskII%26qid%3D1665564619%26qu%3DeyJxc2MiOiIzLjYxIiwicXNhIjoiMi45NiIsInFzcCI6IjIuODAifQ%253D%253D%26sprefix%3Dskii%252Caps%252C408%26sr%3D8-1-spons%26psc%3D1,2022-10-12
Handle Double Shoulder Strap Easily 2Pcs Activities Fixing Fixing Belt Skis Strap Power Training Convenient for Family Skiing Activities,"
                      £10.49
                     ",,,https://www.amazon.com/sspa/click?ie=UTF8&spc=MTo3ODAxMjgwNjY5Njk1NjU4OjE2NjU1NjQ2MTk6c3BfYXRmOjIwMDcxMjg1MDcwMjk4OjowOjo&sp_csd=d2lkZ2V0TmFtZT1zcF9hdGY&url=%2FHandle-Shoulder-Activities-Training-Convenient%2Fdp%2FB09285W6B1%2Fref%3Dsr_1_2_sspa%3Fcrid%3D2CAHDTR5AV0UH%26keywords%3DskII%26qid%3D1665564619%26qu%3DeyJxc2MiOiIzLjYxIiwicXNhIjoiMi45NiIsInFzcCI6IjIuODAifQ%253D%253D%26sprefix%3Dskii%252Caps%252C408%26sr%3D8-2-spons%26psc%3D1,2022-10-12
IMIKEYA 6pcs Ski Straps Adjustable Ski Wraps Ties Ski Board Carrier Fastener Tape Colorful Tape Strap Band for Outdoor Skiing,"
                      £13.29
                     ",,,https://www.amazon.com/sspa/click?ie=UTF8&spc=MTo3ODAxMjgwNjY5Njk1NjU4OjE2NjU1NjQ2MTk6c3BfYXRmOjIwMDU5ODYxMzgwNjAxOjowOjo&sp_csd=d2lkZ2V0TmFtZT1zcF9hdGY&url=%2FIMIKEYA-Adjustable-Carrier-Fastener-Colorful%2Fdp%2FB08YQRQ6B7%2Fref%3Dsr_1_3_sspa%3Fcrid%3D2CAHDTR5AV0UH%26keywords%3DskII%26qid%3D1665564619%26qu%3DeyJxc2MiOiIzLjYxIiwicXNhIjoiMi45NiIsInFzcCI6IjIuODAifQ%253D%253D%26sprefix%3Dskii%252Caps%252C408%26sr%3D8-3-spons%26psc%3D1,2022-10-12
"Pinsofy Ski Shoulder Carrier, Power Training Portable Ski and Pole Carrier Strap, Adjustable 43.3in Skiing Skiers Pole for Fixing Ski","
                      £10.18
                     ",,,https://www.amazon.com/sspa/click?ie=UTF8&spc=MTo3ODAxMjgwNjY5Njk1NjU4OjE2NjU1NjQ2MTk6c3BfYXRmOjIwMDQ2NTYyNDczMjAyOjowOjo&sp_csd=d2lkZ2V0TmFtZT1zcF9hdGY&url=%2FPinsofy-Shoulder-Training-Portable-Adjustable%2Fdp%2FB08P93CBQV%2Fref%3Dsr_1_4_sspa%3Fcrid%3D2CAHDTR5AV0UH%26keywords%3DskII%26qid%3D1665564619%26qu%3DeyJxc2MiOiIzLjYxIiwicXNhIjoiMi45NiIsInFzcCI6IjIuODAifQ%253D%253D%26sprefix%3Dskii%252Caps%252C408%26sr%3D8-4-spons%26psc%3D1,2022-10-12
SK-II Facial Treatment Essence Pitera 7.7oz,"
                    £212.00
                   ","
                      4.4 out of 5 stars
                     ","
                    237
                   ",https://www.amazon.com/SK-II-Facial-Treatment-Essence-Pitera/dp/B01M599DYT/ref=sr_1_5?crid=2CAHDTR5AV0UH&keywords=skII&qid=1665564619&qu=eyJxc2MiOiIzLjYxIiwicXNhIjoiMi45NiIsInFzcCI6IjIuODAifQ%3D%3D&sprefix=skii%2Caps%2C408&sr=8-5,2022-10-12
SK-II GENOPTICS Aura Essence 50ml 2016,"
                    £174.95
                   ","
                      4.1 out of 5 stars
                     ","
                    76
                   ",https://www.amazon.com/SK-II-GENOPTICS-AURA-ESSENCE-50ml/dp/B01BF1SC6Q/ref=sr_1_6?crid=2CAHDTR5AV0UH&keywords=skII&qid=1665564619&qu=eyJxc2MiOiIzLjYxIiwicXNhIjoiMi45NiIsInFzcCI6IjIuODAifQ%3D%3D&sprefix=skii%2Caps%2C408&sr=8-6,2022-10-12
SK-II Facial Treatment Gentle Cleanser - 120ml,"
                    £77.00
                   ","
                      4.1 out of 5 stars
                     ","
                    66
                   ",https://www.amazon.com/SK-II-Cleanser-Facial-Treatment/dp/B00ANEU7HY/ref=sr_1_7?crid=2CAHDTR5AV0UH&keywords=skII&qid=1665564619&qu=eyJxc2MiOiIzLjYxIiwicXNhIjoiMi45NiIsInFzcCI6IjIuODAifQ%3D%3D&sprefix=skii%2Caps%2C408&sr=8-7,2022-10-12
SK-II - Facial Treatment Clear Lotion (230ml),"
                    £83.95
                   ","
                      4.4 out of 5 stars
                     ","
                    189
                   ",https://www.amazon.com/SK-II-Facial-Treatment-Clear-Lotion/dp/B06ZZYQXJG/ref=sr_1_8?crid=2CAHDTR5AV0UH&keywords=skII&qid=1665564619&qu=eyJxc2MiOiIzLjYxIiwicXNhIjoiMi45NiIsInFzcCI6IjIuODAifQ%3D%3D&sprefix=skii%2Caps%2C408&sr=8-8,2022-10-12
Facial Treatment Mask SKII 10 Pcs Treatment For Unisex,"
                    £116.68
                   ","
                      4.4 out of 5 stars
                     ","
                    203
                   ",https://www.amazon.com/Facial-Treatment-Mask-SKII-Unisex/dp/B00JDVP18S/ref=sr_1_9?crid=2CAHDTR5AV0UH&keywords=skII&qid=1665564619&qu=eyJxc2MiOiIzLjYxIiwicXNhIjoiMi45NiIsInFzcCI6IjIuODAifQ%3D%3D&sprefix=skii%2Caps%2C408&sr=8-9,2022-10-12
SK II Facial Treatment Essence 230ml,"
                    £177.21
                   ","
                      4.3 out of 5 stars
                     ","
                    526
                   ",https://www.amazon.com/SK-Facial-Treatment-Essence-230ml/dp/B01296JRMO/ref=sr_1_10?crid=2CAHDTR5AV0UH&keywords=skII&qid=1665564619&qu=eyJxc2MiOiIzLjYxIiwicXNhIjoiMi45NiIsInFzcCI6IjIuODAifQ%3D%3D&sprefix=skii%2Caps%2C408&sr=8-10,2022-10-12
SK-II R.N.A Power Radical New Age Eye Cream 0.5oz,"
                    £99.98
                   ","
                      4.0 out of 5 stars
                     ","
                    121
                   ",https://www.amazon.com/SK-II-Power-Radical-Cream-0-5oz/dp/B0716JS4KX/ref=sr_1_11?crid=2CAHDTR5AV0UH&keywords=skII&qid=1665564619&qu=eyJxc2MiOiIzLjYxIiwicXNhIjoiMi45NiIsInFzcCI6IjIuODAifQ%3D%3D&sprefix=skii%2Caps%2C408&sr=8-11,2022-10-12
DREAM PAIRS Womens Outdoor Snow Boots Ladies Winter Boot Waterproof Lightweight Warm Fashion Shoes,"
                    £34.99
                   ","
                      5.0 out of 5 stars
                     ","
                    1
                   ",https://www.amazon.com/DREAM-PAIRS-Waterproof-Lightweight-SDSB2213W/dp/B09ZLGYNR7/ref=sr_1_12?crid=2CAHDTR5AV0UH&keywords=skII&qid=1665564619&qu=eyJxc2MiOiIzLjYxIiwicXNhIjoiMi45NiIsInFzcCI6IjIuODAifQ%3D%3D&sprefix=skii%2Caps%2C408&sr=8-12,2022-10-12
"Morrisons Chocolate Mousse 6 Pots, 360 g","
                    £1.25
                   ","
                      4.4 out of 5 stars
                     ","
                    702
                   ",https://www.amazon.com/Morrisons-Chocolate-Mousse-60g-pots/dp/B01AWH2NJ6/ref=sr_1_13_f3_0o_morri?crid=2CAHDTR5AV0UH&keywords=skII&qid=1665564619&qu=eyJxc2MiOiIzLjYxIiwicXNhIjoiMi45NiIsInFzcCI6IjIuODAifQ%3D%3D&sprefix=skii%2Caps%2C408&sr=8-13,2022-10-12
"Paula's Choice Skin Perfecting 2% BHA Liquid Exfoliant - Face Exfoliating Peel Fights Blackheads, Breakouts & Enlarged Pores - with Salicylic Acid - Combination, Oily & Acne Prone Skin - 118 ml","
                    £33.00
                   ","
                      4.5 out of 5 stars
                     ","
                    13,124
                   ",https://www.amazon.com/Paulas-Choice-Perfecting-Liquid-Exfoliant/dp/B07PCSNFLP/ref=sr_1_14?crid=2CAHDTR5AV0UH&keywords=skII&qid=1665564619&qu=eyJxc2MiOiIzLjYxIiwicXNhIjoiMi45NiIsInFzcCI6IjIuODAifQ%3D%3D&sprefix=skii%2Caps%2C408&sr=8-14,2022-10-12
MEDIHEAL Official [Korea's No 1 Sheet Mask] - Collagen Essential Lifting & Firming Mask (5 Masks),"
                    £11.05
                   ","
                      4.6 out of 5 stars
                     ","
                    1,392
                   ",https://www.amazon.com/MEDIHEAL-Official-Koreas-Sheet-Mask/dp/B07T32XPCW/ref=sr_1_15?crid=2CAHDTR5AV0UH&keywords=skII&qid=1665564619&qu=eyJxc2MiOiIzLjYxIiwicXNhIjoiMi45NiIsInFzcCI6IjIuODAifQ%3D%3D&sprefix=skii%2Caps%2C408&sr=8-15,2022-10-12
"OutdoorMaster Ski Goggles PRO - Frameless, Interchangeable Lens 100% UV400 Protection Snow Goggles for Men & Women","
                    £37.99
                   ","
                      4.6 out of 5 stars
                     ","
                    7,834
                   ",https://www.amazon.com/OutdoorMaster-Ski-Goggles-PRO-Interchangeable/dp/B014XKTFI0/ref=sr_1_16?crid=2CAHDTR5AV0UH&keywords=skII&qid=1665564619&qu=eyJxc2MiOiIzLjYxIiwicXNhIjoiMi45NiIsInFzcCI6IjIuODAifQ%3D%3D&sprefix=skii%2Caps%2C408&sr=8-16,2022-10-12
Retinol Moisturizer for Face (120ml) – Anti Ageing Face Cream Reduces Scars Ance and Wrinkles with Hyaluronic Acid and Vitamin E,"
                    £18.88
                   ","
                      4.2 out of 5 stars
                     ","
                    7,345
                   ",https://www.amazon.com/2-5-Retinol-Moisturizer-Face-120ml/dp/B017XZVYMC/ref=sr_1_17?crid=2CAHDTR5AV0UH&keywords=skII&qid=1665564619&qu=eyJxc2MiOiIzLjYxIiwicXNhIjoiMi45NiIsInFzcCI6IjIuODAifQ%3D%3D&sprefix=skii%2Caps%2C408&sr=8-17,2022-10-12
Skinfood Facial Mask Rice Wash Off - 3.52 Oz,"
                    £13.00
                   ","
                      4.4 out of 5 stars
                     ","
                    127
                   ",https://www.amazon.com/Skin-food-Rice-Mask-Ounce/dp/B004FKNYWW/ref=sr_1_18?crid=2CAHDTR5AV0UH&keywords=skII&qid=1665564619&qu=eyJxc2MiOiIzLjYxIiwicXNhIjoiMi45NiIsInFzcCI6IjIuODAifQ%3D%3D&sprefix=skii%2Caps%2C408&sr=8-18,2022-10-12
Balaclava Ski Mask for Men Women Face Mask for Cold Weather Winter Windproof Outdoors in Winter Neck Warmer Multifunctional Sports Cold Weather Gear,"
                    £12.88
                   ","
                      4.1 out of 5 stars
                     ","
                    1,748
                   ",https://www.amazon.com/Balaclava-Windproof-Motorcycle-Multifunctional-Snowboard/dp/B0756RNPR8/ref=sr_1_19?crid=2CAHDTR5AV0UH&keywords=skII&qid=1665564619&qu=eyJxc2MiOiIzLjYxIiwicXNhIjoiMi45NiIsInFzcCI6IjIuODAifQ%3D%3D&sprefix=skii%2Caps%2C408&sr=8-19,2022-10-12
"SLOPE WARRIOR Cosmic Rider Merino Wool Alpine Performance Socks, for Men, Women, Shin Padding, Fast Drying, Warm, Knee High Thermal Socks for Ski, Snowboarding and Mountaineering","
                    £18.60
                   ","
                      4.1 out of 5 stars
                     ","
                    4
                   ",https://www.amazon.com/SLOPE-WARRIOR-Cosmic-Rider-High-Performance/dp/B07SX7RL28/ref=sr_1_20?crid=2CAHDTR5AV0UH&keywords=skII&qid=1665564619&qu=eyJxc2MiOiIzLjYxIiwicXNhIjoiMi45NiIsInFzcCI6IjIuODAifQ%3D%3D&sprefix=skii%2Caps%2C408&sr=8-20,2022-10-12
NORTIV 8 Men's 170410 Insulated Waterproof Construction Hiking Winter Snow Boots,"
                    £46.99
                   ","
                      4.4 out of 5 stars
                     ","
                    4,198
                   ",https://www.amazon.com/NORTIV-170410-Waterproof-Winter-Boots/dp/B07FS7B753/ref=sr_1_21?crid=2CAHDTR5AV0UH&keywords=skII&qid=1665564619&qu=eyJxc2MiOiIzLjYxIiwicXNhIjoiMi45NiIsInFzcCI6IjIuODAifQ%3D%3D&sprefix=skii%2Caps%2C408&sr=8-21,2022-10-12
"Snowledge Ski Snowboard Goggles with UV400 Protection, Skiing Snowboarding Goggles of Dual Lens with Anti Fog for Men, Women,Helmet Compatible","
                    £27.99
                   ","
                      4.5 out of 5 stars
                     ","
                    782
                   ",https://www.amazon.com/Snowledge-Snowboard-Goggles-Protection-Compatible/dp/B07GQN2PJ4/ref=sr_1_22?crid=2CAHDTR5AV0UH&keywords=skII&qid=1665564619&qu=eyJxc2MiOiIzLjYxIiwicXNhIjoiMi45NiIsInFzcCI6IjIuODAifQ%3D%3D&sprefix=skii%2Caps%2C408&sr=8-22,2022-10-12
"Merino Wool Ski Socks, Cold Weather Knee-High Thermal Socks for Winter, Snow, Snowboarding, Hiking","
                    £22.31
                   ","
                      4.7 out of 5 stars
                     ","
                    122
                   ",https://www.amazon.com/Merino-Weather-Knee-High-Thermal-Snowboarding/dp/B09M3HCSGS/ref=sr_1_23?crid=2CAHDTR5AV0UH&keywords=skII&qid=1665564619&qu=eyJxc2MiOiIzLjYxIiwicXNhIjoiMi45NiIsInFzcCI6IjIuODAifQ%3D%3D&sprefix=skii%2Caps%2C408&sr=8-23,2022-10-12
OutdoorMaster Ski Goggles PRO Replacement Lens,"
                    £27.99
                   ","
                      4.6 out of 5 stars
                     ","
                    2,372
                   ",https://www.amazon.com/OutdoorMaster-Ski-Goggles-Replacement-Lens/dp/B074JY1NHC/ref=sr_1_24?crid=2CAHDTR5AV0UH&keywords=skII&qid=1665564619&qu=eyJxc2MiOiIzLjYxIiwicXNhIjoiMi45NiIsInFzcCI6IjIuODAifQ%3D%3D&sprefix=skii%2Caps%2C408&sr=8-24,2022-10-12
"Merino Wool Socks High Performance Compression Ski Socks Mens and Women Thermal Knee High Socks, 2 Pairs","
                    £25.99
                   ","
                      4.4 out of 5 stars
                     ","
                    39
                   ",https://www.amazon.com/Merino-Performance-Compression-Socks-Thermal/dp/B09MD5RHY3/ref=sr_1_25?crid=2CAHDTR5AV0UH&keywords=skII&qid=1665564619&qu=eyJxc2MiOiIzLjYxIiwicXNhIjoiMi45NiIsInFzcCI6IjIuODAifQ%3D%3D&sprefix=skii%2Caps%2C408&sr=8-25,2022-10-12
DREAM PAIRS Women’s Waterproof Wellington Duck Rain Boots Outdoor Ankle Low Heel Snow Boots Ladies Originals Lace-up Winter Boots,"
                    £29.99
                   ","
                      5.0 out of 5 stars
                     ","
                    1
                   ",https://www.amazon.com/DREAM-PAIRS-Originals-Waterproof-SDSB2211W-1/dp/B09ZLGFH4D/ref=sr_1_26?crid=2CAHDTR5AV0UH&keywords=skII&qid=1665564619&qu=eyJxc2MiOiIzLjYxIiwicXNhIjoiMi45NiIsInFzcCI6IjIuODAifQ%3D%3D&sprefix=skii%2Caps%2C408&sr=8-26,2022-10-12
"RAYZOR Ski Goggles Snowboard Goggles For Men & Women – OTG Ski Mask with UV400 Protection – Anti-Fog and Shatterproof Skiing Goggles, Anti-Glare Protective Goggles for Men Women Boys & Girls","
                    £21.95
                   ","
                      4.5 out of 5 stars
                     ","
                    869
                   ",https://www.amazon.com/Rayzor-Protection-Comfortable-Shatterproof-Snowmobiles/dp/B002MQ6LTY/ref=sr_1_27?crid=2CAHDTR5AV0UH&keywords=skII&qid=1665564619&qu=eyJxc2MiOiIzLjYxIiwicXNhIjoiMi45NiIsInFzcCI6IjIuODAifQ%3D%3D&sprefix=skii%2Caps%2C408&sr=8-27,2022-10-12
5 Pairs Mens High Performance Thermal Ski Socks - Multicoloured - Mens UK Size 6-11 (EU 39-45),"
                    £11.95
                   ","
                      4.3 out of 5 stars
                     ","
                    363
                   ",https://www.amazon.com/SX167-6-11-Mens-Socks-Pack-6-11/dp/B08M3QKF95/ref=sr_1_28?crid=2CAHDTR5AV0UH&keywords=skII&qid=1665564619&qu=eyJxc2MiOiIzLjYxIiwicXNhIjoiMi45NiIsInFzcCI6IjIuODAifQ%3D%3D&sprefix=skii%2Caps%2C408&sr=8-28,2022-10-12
"SPOSUNE OTG Ski Goggles - Over Glasses Snow Snowboard Goggle with Anti fog Dual lens for Men Women Youth Kids Skiing Skating Snowmobile, Windproof UV400 Protection Winter Sports Protective Glasses","
                    £25.99
                   ","
                      4.6 out of 5 stars
                     ","
                    705
                   ",https://www.amazon.com/SPOSUNE-Protection-Spherical-Snowboard-Compatible/dp/B07WP2LSLR/ref=sr_1_29?crid=2CAHDTR5AV0UH&keywords=skII&qid=1665564619&qu=eyJxc2MiOiIzLjYxIiwicXNhIjoiMi45NiIsInFzcCI6IjIuODAifQ%3D%3D&sprefix=skii%2Caps%2C408&sr=8-29,2022-10-12
SAITAG Balaclava Ski Mask Warm Face Mask for Cold Weather Winter Skiing Snowboarding Motorcycling Ice Fishing Men,"
                    £17.59
                   ","
                      4.6 out of 5 stars
                     ","
                    364
                   ",https://www.amazon.com/SAITAG-Balaclava-Weather-Snowboarding-Motorcycling/dp/B09D2VX1F6/ref=sr_1_30?crid=2CAHDTR5AV0UH&keywords=skII&qid=1665564619&qu=eyJxc2MiOiIzLjYxIiwicXNhIjoiMi45NiIsInFzcCI6IjIuODAifQ%3D%3D&sprefix=skii%2Caps%2C408&sr=8-30,2022-10-12
"2 Pairs Men's Wool Socks, 80% Merino, Hiking Walking Thermal Athletic Socks for Winter Outdoor Recreation Trekking Climbing(UK M-L)","
                    £11.99
                   ","
                      4.4 out of 5 stars
                     ","
                    513
                   ",https://www.amazon.com/Walking-Athletic-Recreation-Trekking-Climbing/dp/B07XGK6VDJ/ref=sr_1_31?crid=2CAHDTR5AV0UH&keywords=skII&qid=1665564619&qu=eyJxc2MiOiIzLjYxIiwicXNhIjoiMi45NiIsInFzcCI6IjIuODAifQ%3D%3D&sprefix=skii%2Caps%2C408&sr=8-31,2022-10-12
"Mountain Warehouse Kids Ski Jacket & Trousers Set - Snowproof Ski Outfit, Front Pockets, Fleece Lined Skiwear, Integrated Snowskirt - Best for Winter Snowboarding","
                    £59.99
                   ","
                      4.6 out of 5 stars
                     ","
                    1,423
                   ",https://www.amazon.com/Mountain-Warehouse-Kids-Jacket-Trousers/dp/B08SKQJ5R6/ref=sr_1_32?crid=2CAHDTR5AV0UH&keywords=skII&qid=1665564619&qu=eyJxc2MiOiIzLjYxIiwicXNhIjoiMi45NiIsInFzcCI6IjIuODAifQ%3D%3D&sprefix=skii%2Caps%2C408&sr=8-32,2022-10-12
"DANISH ENDURANCE Merino Wool Performance Ski Socks, Shin Padding, for Men, Women, Kids, 1 Pack","
                      £26.95
                     ","
                        4.4 out of 5 stars
                       ","
                      3,455
                     ",https://www.amazon.com/sspa/click?ie=UTF8&spc=MTo3ODAxMjgwNjY5Njk1NjU4OjE2NjU1NjQ2MTk6c3BfbXRmOjIwMDcwNDgxMjAzMTA4OjowOjo&sp_csd=d2lkZ2V0TmFtZT1zcF9tdGY&url=%2FDANISH-ENDURANCE-Alpine-Performance-Yellow%2Fdp%2FB07G4BYKTC%2Fref%3Dsr_1_33_sspa%3Fcrid%3D2CAHDTR5AV0UH%26keywords%3DskII%26qid%3D1665564619%26qu%3DeyJxc2MiOiIzLjYxIiwicXNhIjoiMi45NiIsInFzcCI6IjIuODAifQ%253D%253D%26sprefix%3Dskii%252Caps%252C408%26sr%3D8-33-spons%26psc%3D1,2022-10-12
AKSIUM ACCESS,"
                      £38.96
                     ","
                        4.5 out of 5 stars
                       ","
                      656
                     ",https://www.amazon.com/sspa/click?ie=UTF8&spc=MTo3ODAxMjgwNjY5Njk1NjU4OjE2NjU1NjQ2MTk6c3BfbXRmOjIwMDgxNTY2OTkzNTk4OjowOjo&sp_csd=d2lkZ2V0TmFtZT1zcF9tdGY&url=%2FSalomon-Aksium-Goggles-Universal-L40846100%2Fdp%2FB07WKN59J7%2Fref%3Dsr_1_34_sspa%3Fcrid%3D2CAHDTR5AV0UH%26keywords%3DskII%26qid%3D1665564619%26qu%3DeyJxc2MiOiIzLjYxIiwicXNhIjoiMi45NiIsInFzcCI6IjIuODAifQ%253D%253D%26sprefix%3Dskii%252Caps%252C408%26sr%3D8-34-spons%26psc%3D1,2022-10-12
"JVR Blackhead Remover Mask for Men, Bamboo Charcoal Peel Off Black Mask, Purifying & Deep Cleansing for All Skin Types 120g","
                      £9.99
                     ","
                        4.0 out of 5 stars
                       ","
                      504
                     ",https://www.amazon.com/sspa/click?ie=UTF8&spc=MTo3ODAxMjgwNjY5Njk1NjU4OjE2NjU1NjQ2MTk6c3BfbXRmOjIwMDc2NTczMzAyMzk4OjowOjo&sp_csd=d2lkZ2V0TmFtZT1zcF9tdGY&url=%2FJVR-Blackhead-Charcoal-Purifying-Cleansing%2Fdp%2FB087JBPNT5%2Fref%3Dsr_1_35_sspa%3Fcrid%3D2CAHDTR5AV0UH%26keywords%3DskII%26qid%3D1665564619%26qu%3DeyJxc2MiOiIzLjYxIiwicXNhIjoiMi45NiIsInFzcCI6IjIuODAifQ%253D%253D%26sprefix%3Dskii%252Caps%252C408%26sr%3D8-35-spons%26psc%3D1,2022-10-12
REN Clean Skincare Supersize Overnight Recovery Balm 50ml,"
                      £49.00
                     ",,"
                     (£98.00/100 ml)
                    ",https://www.amazon.com/sspa/click?ie=UTF8&spc=MTo3ODAxMjgwNjY5Njk1NjU4OjE2NjU1NjQ2MTk6c3BfbXRmOjIwMDY4Mjg2NjY1ODk4OjowOjo&sp_csd=d2lkZ2V0TmFtZT1zcF9tdGY&url=%2FREN-Clean-Skincare-Supersize-Overnight%2Fdp%2FB09NQFPQ4N%2Fref%3Dsr_1_36_sspa%3Fcrid%3D2CAHDTR5AV0UH%26keywords%3DskII%26qid%3D1665564619%26qu%3DeyJxc2MiOiIzLjYxIiwicXNhIjoiMi45NiIsInFzcCI6IjIuODAifQ%253D%253D%26smid%3DA3P5ROKL5A1OLE%26sprefix%3Dskii%252Caps%252C408%26sr%3D8-36-spons%26psc%3D1,2022-10-12
Blulu Ski Mask Winter Balaclava Ski Mask Warm Full Face Ski Mask Thermal Men Ski Mask 3 Hole Knit Face Mask for Outdoor Sports,"
                    £7.59
                   ","
                      3.9 out of 5 stars
                     ","
                    92
                   ",https://www.amazon.com/Winter-Balaclava-Thermal-3-Hole-Outdoor/dp/B09J16SXYJ/ref=sr_1_37?crid=2CAHDTR5AV0UH&keywords=skII&qid=1665564619&qu=eyJxc2MiOiIzLjYxIiwicXNhIjoiMi45NiIsInFzcCI6IjIuODAifQ%3D%3D&sprefix=skii%2Caps%2C408&sr=8-37,2022-10-12
"coskefy Thermal Gloves, -20℉ Coldproof Touchscreen Ski Gloves Waterproof Winter Gloves 3M Thinsulate Snow Gloves for Walking Snowboarding Hiking Outdoor","
                    £11.04
                   ","
                      4.5 out of 5 stars
                     ","
                    1,967
                   ",https://www.amazon.com/coskefy-Thermal-Thinsulate-Touchscreen-Snowboarding/dp/B07HGQMK4H/ref=sr_1_38?crid=2CAHDTR5AV0UH&keywords=skII&qid=1665564619&qu=eyJxc2MiOiIzLjYxIiwicXNhIjoiMi45NiIsInFzcCI6IjIuODAifQ%3D%3D&smid=A3PNIR7C4EEUQS&sprefix=skii%2Caps%2C408&sr=8-38,2022-10-12
BODY ARMOUR CE MOTORBIKE/MOTORCYCLE/MOTOCROSS SKIING SKATING SNOW BOARD IMPACT PADDED SPINE GUARD PROTECTIVE SUIT (M),"
                    £49.99
                   ","
                      3.5 out of 5 stars
                     ","
                    8
                   ",https://www.amazon.com/ARMOUR-MOTORBIKE-MOTORCYCLE-MOTOCROSS-PROTECTIVE/dp/B07DCFMPB3/ref=sr_1_39?crid=2CAHDTR5AV0UH&keywords=skII&qid=1665564619&qu=eyJxc2MiOiIzLjYxIiwicXNhIjoiMi45NiIsInFzcCI6IjIuODAifQ%3D%3D&sprefix=skii%2Caps%2C408&sr=8-39,2022-10-12
4 Pairs of Mens High Performance Thermal Ski Socks-Assorted-UK 6 - 11 ( Eur 39 - 45 ),"
                    £12.95
                   ","
                      4.5 out of 5 stars
                     ","
                    4,028
                   ",https://www.amazon.com/Pairs-Mens-Performance-Thermal-Socks-Assorted-UK/dp/B01N59WFGI/ref=sr_1_40?crid=2CAHDTR5AV0UH&keywords=skII&qid=1665564619&qu=eyJxc2MiOiIzLjYxIiwicXNhIjoiMi45NiIsInFzcCI6IjIuODAifQ%3D%3D&sprefix=skii%2Caps%2C408&sr=8-40,2022-10-12
Sakkas Booker Cashmere Feel Solid Colored Unisex Winter Scarf With Fringe,"
                    £12.99
                   ","
                      4.4 out of 5 stars
                     ","
                    443
                   ",https://www.amazon.com/Sakkas-1590-Booker-Cashmere-Colored/dp/B07CP2KVM9/ref=sr_1_42?crid=2CAHDTR5AV0UH&keywords=skII&qid=1665564619&qu=eyJxc2MiOiIzLjYxIiwicXNhIjoiMi45NiIsInFzcCI6IjIuODAifQ%3D%3D&sprefix=skii%2Caps%2C408&sr=8-42,2022-10-12
"L'Oréal Paris Perfect Golden Age Re-Activating Essence, 125ml","
                    £16.99
                   ","
                      4.5 out of 5 stars
                     ","
                    631
                   ",https://www.amazon.com/LOr%C3%A9al-Perfect-Golden-Re-Activating-Essence/dp/B01AIPJ4A8/ref=sr_1_43?crid=2CAHDTR5AV0UH&keywords=skII&qid=1665564619&qu=eyJxc2MiOiIzLjYxIiwicXNhIjoiMi45NiIsInFzcCI6IjIuODAifQ%3D%3D&sprefix=skii%2Caps%2C408&sr=8-43,2022-10-12
donhobo Men's Fleece Jacket Winter Waterproof Warm Ski Jackets Windproof Coat With Zip Pockets Hood,"
                    £51.98
                   ","
                      4.4 out of 5 stars
                     ","
                    2,559
                   ",https://www.amazon.com/donhobo-Waterproof-Jackets-Windproof-Pockets/dp/B0787PLRXM/ref=sr_1_44?crid=2CAHDTR5AV0UH&keywords=skII&qid=1665564619&qu=eyJxc2MiOiIzLjYxIiwicXNhIjoiMi45NiIsInFzcCI6IjIuODAifQ%3D%3D&sprefix=skii%2Caps%2C408&sr=8-44,2022-10-12
Sock Stack 4 Pairs Of Mens Performance Ski Sock Long Thermal Heat Pro Winter Cushioned Arch Support Snowboard Socks With Full Terry Socks UK Size 6-11,"
                    £9.95
                   ","
                      4.2 out of 5 stars
                     ","
                    223
                   ",https://www.amazon.com/Sock-Stack-Performance-Cushioned-Snowboard/dp/B07YRXCDVJ/ref=sr_1_45?crid=2CAHDTR5AV0UH&keywords=skII&qid=1665564619&qu=eyJxc2MiOiIzLjYxIiwicXNhIjoiMi45NiIsInFzcCI6IjIuODAifQ%3D%3D&sprefix=skii%2Caps%2C408&sr=8-45,2022-10-12
DREAM PAIRS Boys Girls Faux Fur Lined Winter Snow Boots (Toddler/Little Kid/Big Kid) Shorty-K,"
                    £29.99
                   ","
                      4.6 out of 5 stars
                     ","
                    6,149
                   ",https://www.amazon.com/Dream-Shorty-K-Chesnut-Sheepskin-Winter/dp/B07MZSY43Q/ref=sr_1_46?crid=2CAHDTR5AV0UH&keywords=skII&qid=1665564619&qu=eyJxc2MiOiIzLjYxIiwicXNhIjoiMi45NiIsInFzcCI6IjIuODAifQ%3D%3D&sprefix=skii%2Caps%2C408&sr=8-46,2022-10-12
"SECRET KEY Starting Treatment Essence Rose Edition 5.07 fl.oz. (150ml) - 94% Galactonyces Fermented Filtrate & Rose Flower Water, Anti-Wrikle & Moisturizing First Step Skin Care Essence, Paraben Free","
                    £23.95
                   ","
                      4.6 out of 5 stars
                     ","
                    206
                   ",https://www.amazon.com/Secret-Key-Starting-Treatment-Essence_Rose/dp/B01HCH690S/ref=sr_1_47?crid=2CAHDTR5AV0UH&keywords=skII&qid=1665564619&qu=eyJxc2MiOiIzLjYxIiwicXNhIjoiMi45NiIsInFzcCI6IjIuODAifQ%3D%3D&sprefix=skii%2Caps%2C408&sr=8-47,2022-10-12
4 Pairs High Performance Ladies Ski Socks Long Hose Thermal Socks-Assorted-UK 4 - 7,"
                    £12.95
                   ","
                      4.5 out of 5 stars
                     ","
                    2,891
                   ",https://www.amazon.com/Pairs-Performance-Ladies-Thermal-Socks-Assorted-UK/dp/B01N5MCB4M/ref=sr_1_48?crid=2CAHDTR5AV0UH&keywords=skII&qid=1665564619&qu=eyJxc2MiOiIzLjYxIiwicXNhIjoiMi45NiIsInFzcCI6IjIuODAifQ%3D%3D&sprefix=skii%2Caps%2C408&sr=8-48,2022-10-12
"Odoland OTG Ski Goggles Set with Detachable Lens, Frameless Interchangeable Magnetic Lens for Skiing Skating Snowboard, Anti-Fog and UV400 Protection Snow Goggles for Men and Women","
                    £39.99
                   ","
                      4.6 out of 5 stars
                     ","
                    492
                   ",https://www.amazon.com/Odoland-Detachable-Interchangeable-Snowmobiles-Protection/dp/B08CGZMM1C/ref=sr_1_50?crid=2CAHDTR5AV0UH&keywords=skII&qid=1665564619&qu=eyJxc2MiOiIzLjYxIiwicXNhIjoiMi45NiIsInFzcCI6IjIuODAifQ%3D%3D&sprefix=skii%2Caps%2C408&sr=8-50,2022-10-12
"Winter Neck Warmer Neck Gaiter Ski Snood for Men with Thermal Fleece Waterproof Fabric, Face Covering Multifunction Headwear Elastic Tube Face Scarf Face Shield for Sports Cycling Skiing, Running","
                    £8.99
                   ","
                      4.4 out of 5 stars
                     ","
                    607
                   ",https://www.amazon.com/Thermal-Waterproof-Covering-Multifunction-Headwear/dp/B08P3JBG38/ref=sr_1_51?crid=2CAHDTR5AV0UH&keywords=skII&qid=1665564619&qu=eyJxc2MiOiIzLjYxIiwicXNhIjoiMi45NiIsInFzcCI6IjIuODAifQ%3D%3D&sprefix=skii%2Caps%2C408&sr=8-51,2022-10-12
"DANISH ENDURANCE Merino Wool Performance Ski Socks, Shin Padding, for Men, Women, Kids, 1 Pack","
                    £26.95
                   ","
                      4.4 out of 5 stars
                     ","
                    3,455
                   ",https://www.amazon.com/DANISH-ENDURANCE-Alpine-Performance-Socks/dp/B07HKB1RS2/ref=sr_1_52?crid=2CAHDTR5AV0UH&keywords=skII&qid=1665564619&qu=eyJxc2MiOiIzLjYxIiwicXNhIjoiMi45NiIsInFzcCI6IjIuODAifQ%3D%3D&sprefix=skii%2Caps%2C408&sr=8-52,2022-10-12
"findway Ski Goggles, Skiing Goggles For Snowboard Jet Snow, For Women Men Ladies Youth Teen OTG Over Helmet Compatible, Anti-fog 100% UV Protection, Anti-glare Ski Goggles, For Skiing Snowboarding","
                    £19.99
                   ","
                      4.5 out of 5 stars
                     ","
                    1,258
                   ",https://www.amazon.com/findway-Compatible-Protection-Anti-glare-Snowboarding/dp/B07MVWWZ3X/ref=sr_1_53?crid=2CAHDTR5AV0UH&keywords=skII&qid=1665564619&qu=eyJxc2MiOiIzLjYxIiwicXNhIjoiMi45NiIsInFzcCI6IjIuODAifQ%3D%3D&sprefix=skii%2Caps%2C408&sr=8-53,2022-10-12
"DANISH ENDURANCE Merino Wool Performance Ski Socks, Shin Padding, for Men, Women, Kids, 2 Pack","
                    £37.95
                   ","
                      4.5 out of 5 stars
                     ","
                    827
                   ",https://www.amazon.com/Alpine-Performance-Socks-packs-Multicolour/dp/B07XYZXYCS/ref=sr_1_54?crid=2CAHDTR5AV0UH&keywords=skII&qid=1665564619&qu=eyJxc2MiOiIzLjYxIiwicXNhIjoiMi45NiIsInFzcCI6IjIuODAifQ%3D%3D&sprefix=skii%2Caps%2C408&sr=8-54,2022-10-12
YEKEYI Women Balaclava Hood hat Winter Cashmere Knitted Beanie Hats Ski Mask Ski Cap Outdoor,"
                    £19.99
                   ","
                      3.9 out of 5 stars
                     ","
                    23
                   ",https://www.amazon.com/YEKEYI-Balaclava-Cashmere-Knitted-Outdoor/dp/B08MT6ZZ4F/ref=sr_1_55?crid=2CAHDTR5AV0UH&keywords=skII&qid=1665564619&qu=eyJxc2MiOiIzLjYxIiwicXNhIjoiMi45NiIsInFzcCI6IjIuODAifQ%3D%3D&sprefix=skii%2Caps%2C408&sr=8-55,2022-10-12
GG ST Balaclava Windproof Ski Mask Winter Thermal Fleece Hood Heavyweight Neck Warmer Snood Outdoor Sports Face Covers Hat For Men & Women,"
                    £13.99
                   ","
                      4.3 out of 5 stars
                     ","
                    2,607
                   ",https://www.amazon.com/GG-ST-Balaclava-Windproof-Heavyweight/dp/B07GNTHWN6/ref=sr_1_56?crid=2CAHDTR5AV0UH&keywords=skII&qid=1665564619&qu=eyJxc2MiOiIzLjYxIiwicXNhIjoiMi45NiIsInFzcCI6IjIuODAifQ%3D%3D&sprefix=skii%2Caps%2C408&sr=8-56,2022-10-12
donhobo Men's Fleece Jacket Winter Waterproof Warm Ski Jackets Windproof Coat With Zip Pockets Hood,"
                      £51.98
                     ","
                        4.4 out of 5 stars
                       ","
                      2,559
                     ",https://www.amazon.com/sspa/click?ie=UTF8&spc=MTo3ODAxMjgwNjY5Njk1NjU4OjE2NjU1NjQ2MTk6c3BfYnRmOjIwMDQzMDM2MDk2MjA2OjowOjo&sp_csd=d2lkZ2V0TmFtZT1zcF9idGY&url=%2Fdonhobo-Waterproof-Jackets-Windproof-Pockets%2Fdp%2FB0787PLRXM%2Fref%3Dsr_1_57_sspa%3Fcrid%3D2CAHDTR5AV0UH%26keywords%3DskII%26qid%3D1665564619%26qu%3DeyJxc2MiOiIzLjYxIiwicXNhIjoiMi45NiIsInFzcCI6IjIuODAifQ%253D%253D%26sprefix%3Dskii%252Caps%252C408%26sr%3D8-57-spons%26psc%3D1,2022-10-12
"NIVEA Cellular LUMINOUS 630 Anti-Dark Spot Advanced Treatment Serum (30ml), Face Serum for Women, Facial Serum For Luminous Skin","
                      £10.00
                     ","
                        4.3 out of 5 stars
                       ","
                      520
                     ",https://www.amazon.com/sspa/click?ie=UTF8&spc=MTo3ODAxMjgwNjY5Njk1NjU4OjE2NjU1NjQ2MTk6c3BfYnRmOjIwMDI3OTMzOTI2ODk4OjowOjo&sp_csd=d2lkZ2V0TmFtZT1zcF9idGY&url=%2FNIVEA-Cellular-LUMINOUS-Anti-Dark-Treatment%2Fdp%2FB096R4DM7Y%2Fref%3Dsr_1_58_sspa%3Fcrid%3D2CAHDTR5AV0UH%26keywords%3DskII%26qid%3D1665564619%26qu%3DeyJxc2MiOiIzLjYxIiwicXNhIjoiMi45NiIsInFzcCI6IjIuODAifQ%253D%253D%26smid%3DA3P5ROKL5A1OLE%26sprefix%3Dskii%252Caps%252C408%26sr%3D8-58-spons%26psc%3D1,2022-10-12
"RAYZOR Ski Goggles Snowboard Goggles For Men & Women – OTG Ski Mask with UV400 Protection – Anti-Fog and Shatterproof Skiing Goggles, Anti-Glare Protective Goggles for Men Women Boys & Girls","
                      £21.95
                     ","
                        4.5 out of 5 stars
                       ","
                      869
                     ",https://www.amazon.com/sspa/click?ie=UTF8&spc=MTo3ODAxMjgwNjY5Njk1NjU4OjE2NjU1NjQ2MTk6c3BfYXRmOjIwMDE2NTI2MzAyMzk4OjowOjo&sp_csd=d2lkZ2V0TmFtZT1zcF9hdGY&url=%2FRayzor-Protection-Comfortable-Shatterproof-Snowmobiles%2Fdp%2FB002MQ6LTY%2Fref%3Dsr_1_1_sspa%3Fcrid%3D2CAHDTR5AV0UH%26keywords%3DskII%26qid%3D1665564619%26qu%3DeyJxc2MiOiIzLjYxIiwicXNhIjoiMi45NiIsInFzcCI6IjIuODAifQ%253D%253D%26sprefix%3Dskii%252Caps%252C408%26sr%3D8-1-spons%26psc%3D1,2022-10-12
Handle Double Shoulder Strap Easily 2Pcs Activities Fixing Fixing Belt Skis Strap Power Training Convenient for Family Skiing Activities,"
                      £10.49
                     ",,,https://www.amazon.com/sspa/click?ie=UTF8&spc=MTo3ODAxMjgwNjY5Njk1NjU4OjE2NjU1NjQ2MTk6c3BfYXRmOjIwMDcxMjg1MDcwMjk4OjowOjo&sp_csd=d2lkZ2V0TmFtZT1zcF9hdGY&url=%2FHandle-Shoulder-Activities-Training-Convenient%2Fdp%2FB09285W6B1%2Fref%3Dsr_1_2_sspa%3Fcrid%3D2CAHDTR5AV0UH%26keywords%3DskII%26qid%3D1665564619%26qu%3DeyJxc2MiOiIzLjYxIiwicXNhIjoiMi45NiIsInFzcCI6IjIuODAifQ%253D%253D%26sprefix%3Dskii%252Caps%252C408%26sr%3D8-2-spons%26psc%3D1,2022-10-12
IMIKEYA 6pcs Ski Straps Adjustable Ski Wraps Ties Ski Board Carrier Fastener Tape Colorful Tape Strap Band for Outdoor Skiing,"
                      £13.29
                     ",,,https://www.amazon.com/sspa/click?ie=UTF8&spc=MTo3ODAxMjgwNjY5Njk1NjU4OjE2NjU1NjQ2MTk6c3BfYXRmOjIwMDU5ODYxMzgwNjAxOjowOjo&sp_csd=d2lkZ2V0TmFtZT1zcF9hdGY&url=%2FIMIKEYA-Adjustable-Carrier-Fastener-Colorful%2Fdp%2FB08YQRQ6B7%2Fref%3Dsr_1_3_sspa%3Fcrid%3D2CAHDTR5AV0UH%26keywords%3DskII%26qid%3D1665564619%26qu%3DeyJxc2MiOiIzLjYxIiwicXNhIjoiMi45NiIsInFzcCI6IjIuODAifQ%253D%253D%26sprefix%3Dskii%252Caps%252C408%26sr%3D8-3-spons%26psc%3D1,2022-10-12
"Pinsofy Ski Shoulder Carrier, Power Training Portable Ski and Pole Carrier Strap, Adjustable 43.3in Skiing Skiers Pole for Fixing Ski","
                      £10.18
                     ",,,https://www.amazon.com/sspa/click?ie=UTF8&spc=MTo3ODAxMjgwNjY5Njk1NjU4OjE2NjU1NjQ2MTk6c3BfYXRmOjIwMDQ2NTYyNDczMjAyOjowOjo&sp_csd=d2lkZ2V0TmFtZT1zcF9hdGY&url=%2FPinsofy-Shoulder-Training-Portable-Adjustable%2Fdp%2FB08P93CBQV%2Fref%3Dsr_1_4_sspa%3Fcrid%3D2CAHDTR5AV0UH%26keywords%3DskII%26qid%3D1665564619%26qu%3DeyJxc2MiOiIzLjYxIiwicXNhIjoiMi45NiIsInFzcCI6IjIuODAifQ%253D%253D%26sprefix%3Dskii%252Caps%252C408%26sr%3D8-4-spons%26psc%3D1,2022-10-12
SK-II Facial Treatment Essence Pitera 7.7oz,"
                    £212.00
                   ","
                      4.4 out of 5 stars
                     ","
                    237
                   ",https://www.amazon.com/SK-II-Facial-Treatment-Essence-Pitera/dp/B01M599DYT/ref=sr_1_5?crid=2CAHDTR5AV0UH&keywords=skII&qid=1665564619&qu=eyJxc2MiOiIzLjYxIiwicXNhIjoiMi45NiIsInFzcCI6IjIuODAifQ%3D%3D&sprefix=skii%2Caps%2C408&sr=8-5,2022-10-12
SK-II GENOPTICS Aura Essence 50ml 2016,"
                    £174.95
                   ","
                      4.1 out of 5 stars
                     ","
                    76
                   ",https://www.amazon.com/SK-II-GENOPTICS-AURA-ESSENCE-50ml/dp/B01BF1SC6Q/ref=sr_1_6?crid=2CAHDTR5AV0UH&keywords=skII&qid=1665564619&qu=eyJxc2MiOiIzLjYxIiwicXNhIjoiMi45NiIsInFzcCI6IjIuODAifQ%3D%3D&sprefix=skii%2Caps%2C408&sr=8-6,2022-10-12
SK-II Facial Treatment Gentle Cleanser - 120ml,"
                    £77.00
                   ","
                      4.1 out of 5 stars
                     ","
                    66
                   ",https://www.amazon.com/SK-II-Cleanser-Facial-Treatment/dp/B00ANEU7HY/ref=sr_1_7?crid=2CAHDTR5AV0UH&keywords=skII&qid=1665564619&qu=eyJxc2MiOiIzLjYxIiwicXNhIjoiMi45NiIsInFzcCI6IjIuODAifQ%3D%3D&sprefix=skii%2Caps%2C408&sr=8-7,2022-10-12
SK-II - Facial Treatment Clear Lotion (230ml),"
                    £83.95
                   ","
                      4.4 out of 5 stars
                     ","
                    189
                   ",https://www.amazon.com/SK-II-Facial-Treatment-Clear-Lotion/dp/B06ZZYQXJG/ref=sr_1_8?crid=2CAHDTR5AV0UH&keywords=skII&qid=1665564619&qu=eyJxc2MiOiIzLjYxIiwicXNhIjoiMi45NiIsInFzcCI6IjIuODAifQ%3D%3D&sprefix=skii%2Caps%2C408&sr=8-8,2022-10-12
Facial Treatment Mask SKII 10 Pcs Treatment For Unisex,"
                    £116.68
                   ","
                      4.4 out of 5 stars
                     ","
                    203
                   ",https://www.amazon.com/Facial-Treatment-Mask-SKII-Unisex/dp/B00JDVP18S/ref=sr_1_9?crid=2CAHDTR5AV0UH&keywords=skII&qid=1665564619&qu=eyJxc2MiOiIzLjYxIiwicXNhIjoiMi45NiIsInFzcCI6IjIuODAifQ%3D%3D&sprefix=skii%2Caps%2C408&sr=8-9,2022-10-12
SK II Facial Treatment Essence 230ml,"
                    £177.21
                   ","
                      4.3 out of 5 stars
                     ","
                    526
                   ",https://www.amazon.com/SK-Facial-Treatment-Essence-230ml/dp/B01296JRMO/ref=sr_1_10?crid=2CAHDTR5AV0UH&keywords=skII&qid=1665564619&qu=eyJxc2MiOiIzLjYxIiwicXNhIjoiMi45NiIsInFzcCI6IjIuODAifQ%3D%3D&sprefix=skii%2Caps%2C408&sr=8-10,2022-10-12
SK-II R.N.A Power Radical New Age Eye Cream 0.5oz,"
                    £99.98
                   ","
                      4.0 out of 5 stars
                     ","
                    121
                   ",https://www.amazon.com/SK-II-Power-Radical-Cream-0-5oz/dp/B0716JS4KX/ref=sr_1_11?crid=2CAHDTR5AV0UH&keywords=skII&qid=1665564619&qu=eyJxc2MiOiIzLjYxIiwicXNhIjoiMi45NiIsInFzcCI6IjIuODAifQ%3D%3D&sprefix=skii%2Caps%2C408&sr=8-11,2022-10-12
DREAM PAIRS Womens Outdoor Snow Boots Ladies Winter Boot Waterproof Lightweight Warm Fashion Shoes,"
                    £34.99
                   ","
                      5.0 out of 5 stars
                     ","
                    1
                   ",https://www.amazon.com/DREAM-PAIRS-Waterproof-Lightweight-SDSB2213W/dp/B09ZLGYNR7/ref=sr_1_12?crid=2CAHDTR5AV0UH&keywords=skII&qid=1665564619&qu=eyJxc2MiOiIzLjYxIiwicXNhIjoiMi45NiIsInFzcCI6IjIuODAifQ%3D%3D&sprefix=skii%2Caps%2C408&sr=8-12,2022-10-12
"Morrisons Chocolate Mousse 6 Pots, 360 g","
                    £1.25
                   ","
                      4.4 out of 5 stars
                     ","
                    702
                   ",https://www.amazon.com/Morrisons-Chocolate-Mousse-60g-pots/dp/B01AWH2NJ6/ref=sr_1_13_f3_0o_morri?crid=2CAHDTR5AV0UH&keywords=skII&qid=1665564619&qu=eyJxc2MiOiIzLjYxIiwicXNhIjoiMi45NiIsInFzcCI6IjIuODAifQ%3D%3D&sprefix=skii%2Caps%2C408&sr=8-13,2022-10-12
"Paula's Choice Skin Perfecting 2% BHA Liquid Exfoliant - Face Exfoliating Peel Fights Blackheads, Breakouts & Enlarged Pores - with Salicylic Acid - Combination, Oily & Acne Prone Skin - 118 ml","
                    £33.00
                   ","
                      4.5 out of 5 stars
                     ","
                    13,124
                   ",https://www.amazon.com/Paulas-Choice-Perfecting-Liquid-Exfoliant/dp/B07PCSNFLP/ref=sr_1_14?crid=2CAHDTR5AV0UH&keywords=skII&qid=1665564619&qu=eyJxc2MiOiIzLjYxIiwicXNhIjoiMi45NiIsInFzcCI6IjIuODAifQ%3D%3D&sprefix=skii%2Caps%2C408&sr=8-14,2022-10-12
MEDIHEAL Official [Korea's No 1 Sheet Mask] - Collagen Essential Lifting & Firming Mask (5 Masks),"
                    £11.05
                   ","
                      4.6 out of 5 stars
                     ","
                    1,392
                   ",https://www.amazon.com/MEDIHEAL-Official-Koreas-Sheet-Mask/dp/B07T32XPCW/ref=sr_1_15?crid=2CAHDTR5AV0UH&keywords=skII&qid=1665564619&qu=eyJxc2MiOiIzLjYxIiwicXNhIjoiMi45NiIsInFzcCI6IjIuODAifQ%3D%3D&sprefix=skii%2Caps%2C408&sr=8-15,2022-10-12
"OutdoorMaster Ski Goggles PRO - Frameless, Interchangeable Lens 100% UV400 Protection Snow Goggles for Men & Women","
                    £37.99
                   ","
                      4.6 out of 5 stars
                     ","
                    7,834
                   ",https://www.amazon.com/OutdoorMaster-Ski-Goggles-PRO-Interchangeable/dp/B014XKTFI0/ref=sr_1_16?crid=2CAHDTR5AV0UH&keywords=skII&qid=1665564619&qu=eyJxc2MiOiIzLjYxIiwicXNhIjoiMi45NiIsInFzcCI6IjIuODAifQ%3D%3D&sprefix=skii%2Caps%2C408&sr=8-16,2022-10-12
Retinol Moisturizer for Face (120ml) – Anti Ageing Face Cream Reduces Scars Ance and Wrinkles with Hyaluronic Acid and Vitamin E,"
                    £18.88
                   ","
                      4.2 out of 5 stars
                     ","
                    7,345
                   ",https://www.amazon.com/2-5-Retinol-Moisturizer-Face-120ml/dp/B017XZVYMC/ref=sr_1_17?crid=2CAHDTR5AV0UH&keywords=skII&qid=1665564619&qu=eyJxc2MiOiIzLjYxIiwicXNhIjoiMi45NiIsInFzcCI6IjIuODAifQ%3D%3D&sprefix=skii%2Caps%2C408&sr=8-17,2022-10-12
Skinfood Facial Mask Rice Wash Off - 3.52 Oz,"
                    £13.00
                   ","
                      4.4 out of 5 stars
                     ","
                    127
                   ",https://www.amazon.com/Skin-food-Rice-Mask-Ounce/dp/B004FKNYWW/ref=sr_1_18?crid=2CAHDTR5AV0UH&keywords=skII&qid=1665564619&qu=eyJxc2MiOiIzLjYxIiwicXNhIjoiMi45NiIsInFzcCI6IjIuODAifQ%3D%3D&sprefix=skii%2Caps%2C408&sr=8-18,2022-10-12
Balaclava Ski Mask for Men Women Face Mask for Cold Weather Winter Windproof Outdoors in Winter Neck Warmer Multifunctional Sports Cold Weather Gear,"
                    £12.88
                   ","
                      4.1 out of 5 stars
                     ","
                    1,748
                   ",https://www.amazon.com/Balaclava-Windproof-Motorcycle-Multifunctional-Snowboard/dp/B0756RNPR8/ref=sr_1_19?crid=2CAHDTR5AV0UH&keywords=skII&qid=1665564619&qu=eyJxc2MiOiIzLjYxIiwicXNhIjoiMi45NiIsInFzcCI6IjIuODAifQ%3D%3D&sprefix=skii%2Caps%2C408&sr=8-19,2022-10-12
"SLOPE WARRIOR Cosmic Rider Merino Wool Alpine Performance Socks, for Men, Women, Shin Padding, Fast Drying, Warm, Knee High Thermal Socks for Ski, Snowboarding and Mountaineering","
                    £18.60
                   ","
                      4.1 out of 5 stars
                     ","
                    4
                   ",https://www.amazon.com/SLOPE-WARRIOR-Cosmic-Rider-High-Performance/dp/B07SX7RL28/ref=sr_1_20?crid=2CAHDTR5AV0UH&keywords=skII&qid=1665564619&qu=eyJxc2MiOiIzLjYxIiwicXNhIjoiMi45NiIsInFzcCI6IjIuODAifQ%3D%3D&sprefix=skii%2Caps%2C408&sr=8-20,2022-10-12
NORTIV 8 Men's 170410 Insulated Waterproof Construction Hiking Winter Snow Boots,"
                    £46.99
                   ","
                      4.4 out of 5 stars
                     ","
                    4,198
                   ",https://www.amazon.com/NORTIV-170410-Waterproof-Winter-Boots/dp/B07FS7B753/ref=sr_1_21?crid=2CAHDTR5AV0UH&keywords=skII&qid=1665564619&qu=eyJxc2MiOiIzLjYxIiwicXNhIjoiMi45NiIsInFzcCI6IjIuODAifQ%3D%3D&sprefix=skii%2Caps%2C408&sr=8-21,2022-10-12
"Snowledge Ski Snowboard Goggles with UV400 Protection, Skiing Snowboarding Goggles of Dual Lens with Anti Fog for Men, Women,Helmet Compatible","
                    £27.99
                   ","
                      4.5 out of 5 stars
                     ","
                    782
                   ",https://www.amazon.com/Snowledge-Snowboard-Goggles-Protection-Compatible/dp/B07GQN2PJ4/ref=sr_1_22?crid=2CAHDTR5AV0UH&keywords=skII&qid=1665564619&qu=eyJxc2MiOiIzLjYxIiwicXNhIjoiMi45NiIsInFzcCI6IjIuODAifQ%3D%3D&sprefix=skii%2Caps%2C408&sr=8-22,2022-10-12
"Merino Wool Ski Socks, Cold Weather Knee-High Thermal Socks for Winter, Snow, Snowboarding, Hiking","
                    £22.31
                   ","
                      4.7 out of 5 stars
                     ","
                    122
                   ",https://www.amazon.com/Merino-Weather-Knee-High-Thermal-Snowboarding/dp/B09M3HCSGS/ref=sr_1_23?crid=2CAHDTR5AV0UH&keywords=skII&qid=1665564619&qu=eyJxc2MiOiIzLjYxIiwicXNhIjoiMi45NiIsInFzcCI6IjIuODAifQ%3D%3D&sprefix=skii%2Caps%2C408&sr=8-23,2022-10-12
OutdoorMaster Ski Goggles PRO Replacement Lens,"
                    £27.99
                   ","
                      4.6 out of 5 stars
                     ","
                    2,372
                   ",https://www.amazon.com/OutdoorMaster-Ski-Goggles-Replacement-Lens/dp/B074JY1NHC/ref=sr_1_24?crid=2CAHDTR5AV0UH&keywords=skII&qid=1665564619&qu=eyJxc2MiOiIzLjYxIiwicXNhIjoiMi45NiIsInFzcCI6IjIuODAifQ%3D%3D&sprefix=skii%2Caps%2C408&sr=8-24,2022-10-12
"Merino Wool Socks High Performance Compression Ski Socks Mens and Women Thermal Knee High Socks, 2 Pairs","
                    £25.99
                   ","
                      4.4 out of 5 stars
                     ","
                    39
                   ",https://www.amazon.com/Merino-Performance-Compression-Socks-Thermal/dp/B09MD5RHY3/ref=sr_1_25?crid=2CAHDTR5AV0UH&keywords=skII&qid=1665564619&qu=eyJxc2MiOiIzLjYxIiwicXNhIjoiMi45NiIsInFzcCI6IjIuODAifQ%3D%3D&sprefix=skii%2Caps%2C408&sr=8-25,2022-10-12
DREAM PAIRS Women’s Waterproof Wellington Duck Rain Boots Outdoor Ankle Low Heel Snow Boots Ladies Originals Lace-up Winter Boots,"
                    £29.99
                   ","
                      5.0 out of 5 stars
                     ","
                    1
                   ",https://www.amazon.com/DREAM-PAIRS-Originals-Waterproof-SDSB2211W-1/dp/B09ZLGFH4D/ref=sr_1_26?crid=2CAHDTR5AV0UH&keywords=skII&qid=1665564619&qu=eyJxc2MiOiIzLjYxIiwicXNhIjoiMi45NiIsInFzcCI6IjIuODAifQ%3D%3D&sprefix=skii%2Caps%2C408&sr=8-26,2022-10-12
"RAYZOR Ski Goggles Snowboard Goggles For Men & Women – OTG Ski Mask with UV400 Protection – Anti-Fog and Shatterproof Skiing Goggles, Anti-Glare Protective Goggles for Men Women Boys & Girls","
                    £21.95
                   ","
                      4.5 out of 5 stars
                     ","
                    869
                   ",https://www.amazon.com/Rayzor-Protection-Comfortable-Shatterproof-Snowmobiles/dp/B002MQ6LTY/ref=sr_1_27?crid=2CAHDTR5AV0UH&keywords=skII&qid=1665564619&qu=eyJxc2MiOiIzLjYxIiwicXNhIjoiMi45NiIsInFzcCI6IjIuODAifQ%3D%3D&sprefix=skii%2Caps%2C408&sr=8-27,2022-10-12
5 Pairs Mens High Performance Thermal Ski Socks - Multicoloured - Mens UK Size 6-11 (EU 39-45),"
                    £11.95
                   ","
                      4.3 out of 5 stars
                     ","
                    363
                   ",https://www.amazon.com/SX167-6-11-Mens-Socks-Pack-6-11/dp/B08M3QKF95/ref=sr_1_28?crid=2CAHDTR5AV0UH&keywords=skII&qid=1665564619&qu=eyJxc2MiOiIzLjYxIiwicXNhIjoiMi45NiIsInFzcCI6IjIuODAifQ%3D%3D&sprefix=skii%2Caps%2C408&sr=8-28,2022-10-12
"SPOSUNE OTG Ski Goggles - Over Glasses Snow Snowboard Goggle with Anti fog Dual lens for Men Women Youth Kids Skiing Skating Snowmobile, Windproof UV400 Protection Winter Sports Protective Glasses","
                    £25.99
                   ","
                      4.6 out of 5 stars
                     ","
                    705
                   ",https://www.amazon.com/SPOSUNE-Protection-Spherical-Snowboard-Compatible/dp/B07WP2LSLR/ref=sr_1_29?crid=2CAHDTR5AV0UH&keywords=skII&qid=1665564619&qu=eyJxc2MiOiIzLjYxIiwicXNhIjoiMi45NiIsInFzcCI6IjIuODAifQ%3D%3D&sprefix=skii%2Caps%2C408&sr=8-29,2022-10-12
SAITAG Balaclava Ski Mask Warm Face Mask for Cold Weather Winter Skiing Snowboarding Motorcycling Ice Fishing Men,"
                    £17.59
                   ","
                      4.6 out of 5 stars
                     ","
                    364
                   ",https://www.amazon.com/SAITAG-Balaclava-Weather-Snowboarding-Motorcycling/dp/B09D2VX1F6/ref=sr_1_30?crid=2CAHDTR5AV0UH&keywords=skII&qid=1665564619&qu=eyJxc2MiOiIzLjYxIiwicXNhIjoiMi45NiIsInFzcCI6IjIuODAifQ%3D%3D&sprefix=skii%2Caps%2C408&sr=8-30,2022-10-12
"2 Pairs Men's Wool Socks, 80% Merino, Hiking Walking Thermal Athletic Socks for Winter Outdoor Recreation Trekking Climbing(UK M-L)","
                    £11.99
                   ","
                      4.4 out of 5 stars
                     ","
                    513
                   ",https://www.amazon.com/Walking-Athletic-Recreation-Trekking-Climbing/dp/B07XGK6VDJ/ref=sr_1_31?crid=2CAHDTR5AV0UH&keywords=skII&qid=1665564619&qu=eyJxc2MiOiIzLjYxIiwicXNhIjoiMi45NiIsInFzcCI6IjIuODAifQ%3D%3D&sprefix=skii%2Caps%2C408&sr=8-31,2022-10-12
"Mountain Warehouse Kids Ski Jacket & Trousers Set - Snowproof Ski Outfit, Front Pockets, Fleece Lined Skiwear, Integrated Snowskirt - Best for Winter Snowboarding","
                    £59.99
                   ","
                      4.6 out of 5 stars
                     ","
                    1,423
                   ",https://www.amazon.com/Mountain-Warehouse-Kids-Jacket-Trousers/dp/B08SKQJ5R6/ref=sr_1_32?crid=2CAHDTR5AV0UH&keywords=skII&qid=1665564619&qu=eyJxc2MiOiIzLjYxIiwicXNhIjoiMi45NiIsInFzcCI6IjIuODAifQ%3D%3D&sprefix=skii%2Caps%2C408&sr=8-32,2022-10-12
"DANISH ENDURANCE Merino Wool Performance Ski Socks, Shin Padding, for Men, Women, Kids, 1 Pack","
                      £26.95
                     ","
                        4.4 out of 5 stars
                       ","
                      3,455
                     ",https://www.amazon.com/sspa/click?ie=UTF8&spc=MTo3ODAxMjgwNjY5Njk1NjU4OjE2NjU1NjQ2MTk6c3BfbXRmOjIwMDcwNDgxMjAzMTA4OjowOjo&sp_csd=d2lkZ2V0TmFtZT1zcF9tdGY&url=%2FDANISH-ENDURANCE-Alpine-Performance-Yellow%2Fdp%2FB07G4BYKTC%2Fref%3Dsr_1_33_sspa%3Fcrid%3D2CAHDTR5AV0UH%26keywords%3DskII%26qid%3D1665564619%26qu%3DeyJxc2MiOiIzLjYxIiwicXNhIjoiMi45NiIsInFzcCI6IjIuODAifQ%253D%253D%26sprefix%3Dskii%252Caps%252C408%26sr%3D8-33-spons%26psc%3D1,2022-10-12
AKSIUM ACCESS,"
                      £38.96
                     ","
                        4.5 out of 5 stars
                       ","
                      656
                     ",https://www.amazon.com/sspa/click?ie=UTF8&spc=MTo3ODAxMjgwNjY5Njk1NjU4OjE2NjU1NjQ2MTk6c3BfbXRmOjIwMDgxNTY2OTkzNTk4OjowOjo&sp_csd=d2lkZ2V0TmFtZT1zcF9tdGY&url=%2FSalomon-Aksium-Goggles-Universal-L40846100%2Fdp%2FB07WKN59J7%2Fref%3Dsr_1_34_sspa%3Fcrid%3D2CAHDTR5AV0UH%26keywords%3DskII%26qid%3D1665564619%26qu%3DeyJxc2MiOiIzLjYxIiwicXNhIjoiMi45NiIsInFzcCI6IjIuODAifQ%253D%253D%26sprefix%3Dskii%252Caps%252C408%26sr%3D8-34-spons%26psc%3D1,2022-10-12
"JVR Blackhead Remover Mask for Men, Bamboo Charcoal Peel Off Black Mask, Purifying & Deep Cleansing for All Skin Types 120g","
                      £9.99
                     ","
                        4.0 out of 5 stars
                       ","
                      504
                     ",https://www.amazon.com/sspa/click?ie=UTF8&spc=MTo3ODAxMjgwNjY5Njk1NjU4OjE2NjU1NjQ2MTk6c3BfbXRmOjIwMDc2NTczMzAyMzk4OjowOjo&sp_csd=d2lkZ2V0TmFtZT1zcF9tdGY&url=%2FJVR-Blackhead-Charcoal-Purifying-Cleansing%2Fdp%2FB087JBPNT5%2Fref%3Dsr_1_35_sspa%3Fcrid%3D2CAHDTR5AV0UH%26keywords%3DskII%26qid%3D1665564619%26qu%3DeyJxc2MiOiIzLjYxIiwicXNhIjoiMi45NiIsInFzcCI6IjIuODAifQ%253D%253D%26sprefix%3Dskii%252Caps%252C408%26sr%3D8-35-spons%26psc%3D1,2022-10-12
REN Clean Skincare Supersize Overnight Recovery Balm 50ml,"
                      £49.00
                     ",,"
                     (£98.00/100 ml)
                    ",https://www.amazon.com/sspa/click?ie=UTF8&spc=MTo3ODAxMjgwNjY5Njk1NjU4OjE2NjU1NjQ2MTk6c3BfbXRmOjIwMDY4Mjg2NjY1ODk4OjowOjo&sp_csd=d2lkZ2V0TmFtZT1zcF9tdGY&url=%2FREN-Clean-Skincare-Supersize-Overnight%2Fdp%2FB09NQFPQ4N%2Fref%3Dsr_1_36_sspa%3Fcrid%3D2CAHDTR5AV0UH%26keywords%3DskII%26qid%3D1665564619%26qu%3DeyJxc2MiOiIzLjYxIiwicXNhIjoiMi45NiIsInFzcCI6IjIuODAifQ%253D%253D%26smid%3DA3P5ROKL5A1OLE%26sprefix%3Dskii%252Caps%252C408%26sr%3D8-36-spons%26psc%3D1,2022-10-12
Blulu Ski Mask Winter Balaclava Ski Mask Warm Full Face Ski Mask Thermal Men Ski Mask 3 Hole Knit Face Mask for Outdoor Sports,"
                    £7.59
                   ","
                      3.9 out of 5 stars
                     ","
                    92
                   ",https://www.amazon.com/Winter-Balaclava-Thermal-3-Hole-Outdoor/dp/B09J16SXYJ/ref=sr_1_37?crid=2CAHDTR5AV0UH&keywords=skII&qid=1665564619&qu=eyJxc2MiOiIzLjYxIiwicXNhIjoiMi45NiIsInFzcCI6IjIuODAifQ%3D%3D&sprefix=skii%2Caps%2C408&sr=8-37,2022-10-12
"coskefy Thermal Gloves, -20℉ Coldproof Touchscreen Ski Gloves Waterproof Winter Gloves 3M Thinsulate Snow Gloves for Walking Snowboarding Hiking Outdoor","
                    £11.04
                   ","
                      4.5 out of 5 stars
                     ","
                    1,967
                   ",https://www.amazon.com/coskefy-Thermal-Thinsulate-Touchscreen-Snowboarding/dp/B07HGQMK4H/ref=sr_1_38?crid=2CAHDTR5AV0UH&keywords=skII&qid=1665564619&qu=eyJxc2MiOiIzLjYxIiwicXNhIjoiMi45NiIsInFzcCI6IjIuODAifQ%3D%3D&smid=A3PNIR7C4EEUQS&sprefix=skii%2Caps%2C408&sr=8-38,2022-10-12
BODY ARMOUR CE MOTORBIKE/MOTORCYCLE/MOTOCROSS SKIING SKATING SNOW BOARD IMPACT PADDED SPINE GUARD PROTECTIVE SUIT (M),"
                    £49.99
                   ","
                      3.5 out of 5 stars
                     ","
                    8
                   ",https://www.amazon.com/ARMOUR-MOTORBIKE-MOTORCYCLE-MOTOCROSS-PROTECTIVE/dp/B07DCFMPB3/ref=sr_1_39?crid=2CAHDTR5AV0UH&keywords=skII&qid=1665564619&qu=eyJxc2MiOiIzLjYxIiwicXNhIjoiMi45NiIsInFzcCI6IjIuODAifQ%3D%3D&sprefix=skii%2Caps%2C408&sr=8-39,2022-10-12
4 Pairs of Mens High Performance Thermal Ski Socks-Assorted-UK 6 - 11 ( Eur 39 - 45 ),"
                    £12.95
                   ","
                      4.5 out of 5 stars
                     ","
                    4,028
                   ",https://www.amazon.com/Pairs-Mens-Performance-Thermal-Socks-Assorted-UK/dp/B01N59WFGI/ref=sr_1_40?crid=2CAHDTR5AV0UH&keywords=skII&qid=1665564619&qu=eyJxc2MiOiIzLjYxIiwicXNhIjoiMi45NiIsInFzcCI6IjIuODAifQ%3D%3D&sprefix=skii%2Caps%2C408&sr=8-40,2022-10-12
Sakkas Booker Cashmere Feel Solid Colored Unisex Winter Scarf With Fringe,"
                    £12.99
                   ","
                      4.4 out of 5 stars
                     ","
                    443
                   ",https://www.amazon.com/Sakkas-1590-Booker-Cashmere-Colored/dp/B07CP2KVM9/ref=sr_1_42?crid=2CAHDTR5AV0UH&keywords=skII&qid=1665564619&qu=eyJxc2MiOiIzLjYxIiwicXNhIjoiMi45NiIsInFzcCI6IjIuODAifQ%3D%3D&sprefix=skii%2Caps%2C408&sr=8-42,2022-10-12
"L'Oréal Paris Perfect Golden Age Re-Activating Essence, 125ml","
                    £16.99
                   ","
                      4.5 out of 5 stars
                     ","
                    631
                   ",https://www.amazon.com/LOr%C3%A9al-Perfect-Golden-Re-Activating-Essence/dp/B01AIPJ4A8/ref=sr_1_43?crid=2CAHDTR5AV0UH&keywords=skII&qid=1665564619&qu=eyJxc2MiOiIzLjYxIiwicXNhIjoiMi45NiIsInFzcCI6IjIuODAifQ%3D%3D&sprefix=skii%2Caps%2C408&sr=8-43,2022-10-12
donhobo Men's Fleece Jacket Winter Waterproof Warm Ski Jackets Windproof Coat With Zip Pockets Hood,"
                    £51.98
                   ","
                      4.4 out of 5 stars
                     ","
                    2,559
                   ",https://www.amazon.com/donhobo-Waterproof-Jackets-Windproof-Pockets/dp/B0787PLRXM/ref=sr_1_44?crid=2CAHDTR5AV0UH&keywords=skII&qid=1665564619&qu=eyJxc2MiOiIzLjYxIiwicXNhIjoiMi45NiIsInFzcCI6IjIuODAifQ%3D%3D&sprefix=skii%2Caps%2C408&sr=8-44,2022-10-12
Sock Stack 4 Pairs Of Mens Performance Ski Sock Long Thermal Heat Pro Winter Cushioned Arch Support Snowboard Socks With Full Terry Socks UK Size 6-11,"
                    £9.95
                   ","
                      4.2 out of 5 stars
                     ","
                    223
                   ",https://www.amazon.com/Sock-Stack-Performance-Cushioned-Snowboard/dp/B07YRXCDVJ/ref=sr_1_45?crid=2CAHDTR5AV0UH&keywords=skII&qid=1665564619&qu=eyJxc2MiOiIzLjYxIiwicXNhIjoiMi45NiIsInFzcCI6IjIuODAifQ%3D%3D&sprefix=skii%2Caps%2C408&sr=8-45,2022-10-12
DREAM PAIRS Boys Girls Faux Fur Lined Winter Snow Boots (Toddler/Little Kid/Big Kid) Shorty-K,"
                    £29.99
                   ","
                      4.6 out of 5 stars
                     ","
                    6,149
                   ",https://www.amazon.com/Dream-Shorty-K-Chesnut-Sheepskin-Winter/dp/B07MZSY43Q/ref=sr_1_46?crid=2CAHDTR5AV0UH&keywords=skII&qid=1665564619&qu=eyJxc2MiOiIzLjYxIiwicXNhIjoiMi45NiIsInFzcCI6IjIuODAifQ%3D%3D&sprefix=skii%2Caps%2C408&sr=8-46,2022-10-12
"SECRET KEY Starting Treatment Essence Rose Edition 5.07 fl.oz. (150ml) - 94% Galactonyces Fermented Filtrate & Rose Flower Water, Anti-Wrikle & Moisturizing First Step Skin Care Essence, Paraben Free","
                    £23.95
                   ","
                      4.6 out of 5 stars
                     ","
                    206
                   ",https://www.amazon.com/Secret-Key-Starting-Treatment-Essence_Rose/dp/B01HCH690S/ref=sr_1_47?crid=2CAHDTR5AV0UH&keywords=skII&qid=1665564619&qu=eyJxc2MiOiIzLjYxIiwicXNhIjoiMi45NiIsInFzcCI6IjIuODAifQ%3D%3D&sprefix=skii%2Caps%2C408&sr=8-47,2022-10-12
4 Pairs High Performance Ladies Ski Socks Long Hose Thermal Socks-Assorted-UK 4 - 7,"
                    £12.95
                   ","
                      4.5 out of 5 stars
                     ","
                    2,891
                   ",https://www.amazon.com/Pairs-Performance-Ladies-Thermal-Socks-Assorted-UK/dp/B01N5MCB4M/ref=sr_1_48?crid=2CAHDTR5AV0UH&keywords=skII&qid=1665564619&qu=eyJxc2MiOiIzLjYxIiwicXNhIjoiMi45NiIsInFzcCI6IjIuODAifQ%3D%3D&sprefix=skii%2Caps%2C408&sr=8-48,2022-10-12
"Odoland OTG Ski Goggles Set with Detachable Lens, Frameless Interchangeable Magnetic Lens for Skiing Skating Snowboard, Anti-Fog and UV400 Protection Snow Goggles for Men and Women","
                    £39.99
                   ","
                      4.6 out of 5 stars
                     ","
                    492
                   ",https://www.amazon.com/Odoland-Detachable-Interchangeable-Snowmobiles-Protection/dp/B08CGZMM1C/ref=sr_1_50?crid=2CAHDTR5AV0UH&keywords=skII&qid=1665564619&qu=eyJxc2MiOiIzLjYxIiwicXNhIjoiMi45NiIsInFzcCI6IjIuODAifQ%3D%3D&sprefix=skii%2Caps%2C408&sr=8-50,2022-10-12
"Winter Neck Warmer Neck Gaiter Ski Snood for Men with Thermal Fleece Waterproof Fabric, Face Covering Multifunction Headwear Elastic Tube Face Scarf Face Shield for Sports Cycling Skiing, Running","
                    £8.99
                   ","
                      4.4 out of 5 stars
                     ","
                    607
                   ",https://www.amazon.com/Thermal-Waterproof-Covering-Multifunction-Headwear/dp/B08P3JBG38/ref=sr_1_51?crid=2CAHDTR5AV0UH&keywords=skII&qid=1665564619&qu=eyJxc2MiOiIzLjYxIiwicXNhIjoiMi45NiIsInFzcCI6IjIuODAifQ%3D%3D&sprefix=skii%2Caps%2C408&sr=8-51,2022-10-12
"DANISH ENDURANCE Merino Wool Performance Ski Socks, Shin Padding, for Men, Women, Kids, 1 Pack","
                    £26.95
                   ","
                      4.4 out of 5 stars
                     ","
                    3,455
                   ",https://www.amazon.com/DANISH-ENDURANCE-Alpine-Performance-Socks/dp/B07HKB1RS2/ref=sr_1_52?crid=2CAHDTR5AV0UH&keywords=skII&qid=1665564619&qu=eyJxc2MiOiIzLjYxIiwicXNhIjoiMi45NiIsInFzcCI6IjIuODAifQ%3D%3D&sprefix=skii%2Caps%2C408&sr=8-52,2022-10-12
"findway Ski Goggles, Skiing Goggles For Snowboard Jet Snow, For Women Men Ladies Youth Teen OTG Over Helmet Compatible, Anti-fog 100% UV Protection, Anti-glare Ski Goggles, For Skiing Snowboarding","
                    £19.99
                   ","
                      4.5 out of 5 stars
                     ","
                    1,258
                   ",https://www.amazon.com/findway-Compatible-Protection-Anti-glare-Snowboarding/dp/B07MVWWZ3X/ref=sr_1_53?crid=2CAHDTR5AV0UH&keywords=skII&qid=1665564619&qu=eyJxc2MiOiIzLjYxIiwicXNhIjoiMi45NiIsInFzcCI6IjIuODAifQ%3D%3D&sprefix=skii%2Caps%2C408&sr=8-53,2022-10-12
"DANISH ENDURANCE Merino Wool Performance Ski Socks, Shin Padding, for Men, Women, Kids, 2 Pack","
                    £37.95
                   ","
                      4.5 out of 5 stars
                     ","
                    827
                   ",https://www.amazon.com/Alpine-Performance-Socks-packs-Multicolour/dp/B07XYZXYCS/ref=sr_1_54?crid=2CAHDTR5AV0UH&keywords=skII&qid=1665564619&qu=eyJxc2MiOiIzLjYxIiwicXNhIjoiMi45NiIsInFzcCI6IjIuODAifQ%3D%3D&sprefix=skii%2Caps%2C408&sr=8-54,2022-10-12
YEKEYI Women Balaclava Hood hat Winter Cashmere Knitted Beanie Hats Ski Mask Ski Cap Outdoor,"
                    £19.99
                   ","
                      3.9 out of 5 stars
                     ","
                    23
                   ",https://www.amazon.com/YEKEYI-Balaclava-Cashmere-Knitted-Outdoor/dp/B08MT6ZZ4F/ref=sr_1_55?crid=2CAHDTR5AV0UH&keywords=skII&qid=1665564619&qu=eyJxc2MiOiIzLjYxIiwicXNhIjoiMi45NiIsInFzcCI6IjIuODAifQ%3D%3D&sprefix=skii%2Caps%2C408&sr=8-55,2022-10-12
GG ST Balaclava Windproof Ski Mask Winter Thermal Fleece Hood Heavyweight Neck Warmer Snood Outdoor Sports Face Covers Hat For Men & Women,"
                    £13.99
                   ","
                      4.3 out of 5 stars
                     ","
                    2,607
                   ",https://www.amazon.com/GG-ST-Balaclava-Windproof-Heavyweight/dp/B07GNTHWN6/ref=sr_1_56?crid=2CAHDTR5AV0UH&keywords=skII&qid=1665564619&qu=eyJxc2MiOiIzLjYxIiwicXNhIjoiMi45NiIsInFzcCI6IjIuODAifQ%3D%3D&sprefix=skii%2Caps%2C408&sr=8-56,2022-10-12
donhobo Men's Fleece Jacket Winter Waterproof Warm Ski Jackets Windproof Coat With Zip Pockets Hood,"
                      £51.98
                     ","
                        4.4 out of 5 stars
                       ","
                      2,559
                     ",https://www.amazon.com/sspa/click?ie=UTF8&spc=MTo3ODAxMjgwNjY5Njk1NjU4OjE2NjU1NjQ2MTk6c3BfYnRmOjIwMDQzMDM2MDk2MjA2OjowOjo&sp_csd=d2lkZ2V0TmFtZT1zcF9idGY&url=%2Fdonhobo-Waterproof-Jackets-Windproof-Pockets%2Fdp%2FB0787PLRXM%2Fref%3Dsr_1_57_sspa%3Fcrid%3D2CAHDTR5AV0UH%26keywords%3DskII%26qid%3D1665564619%26qu%3DeyJxc2MiOiIzLjYxIiwicXNhIjoiMi45NiIsInFzcCI6IjIuODAifQ%253D%253D%26sprefix%3Dskii%252Caps%252C408%26sr%3D8-57-spons%26psc%3D1,2022-10-12
"NIVEA Cellular LUMINOUS 630 Anti-Dark Spot Advanced Treatment Serum (30ml), Face Serum for Women, Facial Serum For Luminous Skin","
                      £10.00
                     ","
                        4.3 out of 5 stars
                       ","
                      520
                     ",https://www.amazon.com/sspa/click?ie=UTF8&spc=MTo3ODAxMjgwNjY5Njk1NjU4OjE2NjU1NjQ2MTk6c3BfYnRmOjIwMDI3OTMzOTI2ODk4OjowOjo&sp_csd=d2lkZ2V0TmFtZT1zcF9idGY&url=%2FNIVEA-Cellular-LUMINOUS-Anti-Dark-Treatment%2Fdp%2FB096R4DM7Y%2Fref%3Dsr_1_58_sspa%3Fcrid%3D2CAHDTR5AV0UH%26keywords%3DskII%26qid%3D1665564619%26qu%3DeyJxc2MiOiIzLjYxIiwicXNhIjoiMi45NiIsInFzcCI6IjIuODAifQ%253D%253D%26smid%3DA3P5ROKL5A1OLE%26sprefix%3Dskii%252Caps%252C408%26sr%3D8-58-spons%26psc%3D1,2022-10-12
"RAYZOR Ski Goggles Snowboard Goggles For Men & Women – OTG Ski Mask with UV400 Protection – Anti-Fog and Shatterproof Skiing Goggles, Anti-Glare Protective Goggles for Men Women Boys & Girls","
                      £21.95
                     ","
                        4.5 out of 5 stars
                       ","
                      869
                     ",https://www.amazon.com/sspa/click?ie=UTF8&spc=MTo3ODAxMjgwNjY5Njk1NjU4OjE2NjU1NjQ2MTk6c3BfYXRmOjIwMDE2NTI2MzAyMzk4OjowOjo&sp_csd=d2lkZ2V0TmFtZT1zcF9hdGY&url=%2FRayzor-Protection-Comfortable-Shatterproof-Snowmobiles%2Fdp%2FB002MQ6LTY%2Fref%3Dsr_1_1_sspa%3Fcrid%3D2CAHDTR5AV0UH%26keywords%3DskII%26qid%3D1665564619%26qu%3DeyJxc2MiOiIzLjYxIiwicXNhIjoiMi45NiIsInFzcCI6IjIuODAifQ%253D%253D%26sprefix%3Dskii%252Caps%252C408%26sr%3D8-1-spons%26psc%3D1,2022-10-12
Handle Double Shoulder Strap Easily 2Pcs Activities Fixing Fixing Belt Skis Strap Power Training Convenient for Family Skiing Activities,"
                      £10.49
                     ",,,https://www.amazon.com/sspa/click?ie=UTF8&spc=MTo3ODAxMjgwNjY5Njk1NjU4OjE2NjU1NjQ2MTk6c3BfYXRmOjIwMDcxMjg1MDcwMjk4OjowOjo&sp_csd=d2lkZ2V0TmFtZT1zcF9hdGY&url=%2FHandle-Shoulder-Activities-Training-Convenient%2Fdp%2FB09285W6B1%2Fref%3Dsr_1_2_sspa%3Fcrid%3D2CAHDTR5AV0UH%26keywords%3DskII%26qid%3D1665564619%26qu%3DeyJxc2MiOiIzLjYxIiwicXNhIjoiMi45NiIsInFzcCI6IjIuODAifQ%253D%253D%26sprefix%3Dskii%252Caps%252C408%26sr%3D8-2-spons%26psc%3D1,2022-10-12
IMIKEYA 6pcs Ski Straps Adjustable Ski Wraps Ties Ski Board Carrier Fastener Tape Colorful Tape Strap Band for Outdoor Skiing,"
                      £13.29
                     ",,,https://www.amazon.com/sspa/click?ie=UTF8&spc=MTo3ODAxMjgwNjY5Njk1NjU4OjE2NjU1NjQ2MTk6c3BfYXRmOjIwMDU5ODYxMzgwNjAxOjowOjo&sp_csd=d2lkZ2V0TmFtZT1zcF9hdGY&url=%2FIMIKEYA-Adjustable-Carrier-Fastener-Colorful%2Fdp%2FB08YQRQ6B7%2Fref%3Dsr_1_3_sspa%3Fcrid%3D2CAHDTR5AV0UH%26keywords%3DskII%26qid%3D1665564619%26qu%3DeyJxc2MiOiIzLjYxIiwicXNhIjoiMi45NiIsInFzcCI6IjIuODAifQ%253D%253D%26sprefix%3Dskii%252Caps%252C408%26sr%3D8-3-spons%26psc%3D1,2022-10-12
"Pinsofy Ski Shoulder Carrier, Power Training Portable Ski and Pole Carrier Strap, Adjustable 43.3in Skiing Skiers Pole for Fixing Ski","
                      £10.18
                     ",,,https://www.amazon.com/sspa/click?ie=UTF8&spc=MTo3ODAxMjgwNjY5Njk1NjU4OjE2NjU1NjQ2MTk6c3BfYXRmOjIwMDQ2NTYyNDczMjAyOjowOjo&sp_csd=d2lkZ2V0TmFtZT1zcF9hdGY&url=%2FPinsofy-Shoulder-Training-Portable-Adjustable%2Fdp%2FB08P93CBQV%2Fref%3Dsr_1_4_sspa%3Fcrid%3D2CAHDTR5AV0UH%26keywords%3DskII%26qid%3D1665564619%26qu%3DeyJxc2MiOiIzLjYxIiwicXNhIjoiMi45NiIsInFzcCI6IjIuODAifQ%253D%253D%26sprefix%3Dskii%252Caps%252C408%26sr%3D8-4-spons%26psc%3D1,2022-10-12
SK-II Facial Treatment Essence Pitera 7.7oz,"
                    £212.00
                   ","
                      4.4 out of 5 stars
                     ","
                    237
                   ",https://www.amazon.com/SK-II-Facial-Treatment-Essence-Pitera/dp/B01M599DYT/ref=sr_1_5?crid=2CAHDTR5AV0UH&keywords=skII&qid=1665564619&qu=eyJxc2MiOiIzLjYxIiwicXNhIjoiMi45NiIsInFzcCI6IjIuODAifQ%3D%3D&sprefix=skii%2Caps%2C408&sr=8-5,2022-10-12
SK-II GENOPTICS Aura Essence 50ml 2016,"
                    £174.95
                   ","
                      4.1 out of 5 stars
                     ","
                    76
                   ",https://www.amazon.com/SK-II-GENOPTICS-AURA-ESSENCE-50ml/dp/B01BF1SC6Q/ref=sr_1_6?crid=2CAHDTR5AV0UH&keywords=skII&qid=1665564619&qu=eyJxc2MiOiIzLjYxIiwicXNhIjoiMi45NiIsInFzcCI6IjIuODAifQ%3D%3D&sprefix=skii%2Caps%2C408&sr=8-6,2022-10-12
SK-II Facial Treatment Gentle Cleanser - 120ml,"
                    £77.00
                   ","
                      4.1 out of 5 stars
                     ","
                    66
                   ",https://www.amazon.com/SK-II-Cleanser-Facial-Treatment/dp/B00ANEU7HY/ref=sr_1_7?crid=2CAHDTR5AV0UH&keywords=skII&qid=1665564619&qu=eyJxc2MiOiIzLjYxIiwicXNhIjoiMi45NiIsInFzcCI6IjIuODAifQ%3D%3D&sprefix=skii%2Caps%2C408&sr=8-7,2022-10-12
SK-II - Facial Treatment Clear Lotion (230ml),"
                    £83.95
                   ","
                      4.4 out of 5 stars
                     ","
                    189
                   ",https://www.amazon.com/SK-II-Facial-Treatment-Clear-Lotion/dp/B06ZZYQXJG/ref=sr_1_8?crid=2CAHDTR5AV0UH&keywords=skII&qid=1665564619&qu=eyJxc2MiOiIzLjYxIiwicXNhIjoiMi45NiIsInFzcCI6IjIuODAifQ%3D%3D&sprefix=skii%2Caps%2C408&sr=8-8,2022-10-12
Facial Treatment Mask SKII 10 Pcs Treatment For Unisex,"
                    £116.68
                   ","
                      4.4 out of 5 stars
                     ","
                    203
                   ",https://www.amazon.com/Facial-Treatment-Mask-SKII-Unisex/dp/B00JDVP18S/ref=sr_1_9?crid=2CAHDTR5AV0UH&keywords=skII&qid=1665564619&qu=eyJxc2MiOiIzLjYxIiwicXNhIjoiMi45NiIsInFzcCI6IjIuODAifQ%3D%3D&sprefix=skii%2Caps%2C408&sr=8-9,2022-10-12
SK II Facial Treatment Essence 230ml,"
                    £177.21
                   ","
                      4.3 out of 5 stars
                     ","
                    526
                   ",https://www.amazon.com/SK-Facial-Treatment-Essence-230ml/dp/B01296JRMO/ref=sr_1_10?crid=2CAHDTR5AV0UH&keywords=skII&qid=1665564619&qu=eyJxc2MiOiIzLjYxIiwicXNhIjoiMi45NiIsInFzcCI6IjIuODAifQ%3D%3D&sprefix=skii%2Caps%2C408&sr=8-10,2022-10-12
SK-II R.N.A Power Radical New Age Eye Cream 0.5oz,"
                    £99.98
                   ","
                      4.0 out of 5 stars
                     ","
                    121
                   ",https://www.amazon.com/SK-II-Power-Radical-Cream-0-5oz/dp/B0716JS4KX/ref=sr_1_11?crid=2CAHDTR5AV0UH&keywords=skII&qid=1665564619&qu=eyJxc2MiOiIzLjYxIiwicXNhIjoiMi45NiIsInFzcCI6IjIuODAifQ%3D%3D&sprefix=skii%2Caps%2C408&sr=8-11,2022-10-12
DREAM PAIRS Womens Outdoor Snow Boots Ladies Winter Boot Waterproof Lightweight Warm Fashion Shoes,"
                    £34.99
                   ","
                      5.0 out of 5 stars
                     ","
                    1
                   ",https://www.amazon.com/DREAM-PAIRS-Waterproof-Lightweight-SDSB2213W/dp/B09ZLGYNR7/ref=sr_1_12?crid=2CAHDTR5AV0UH&keywords=skII&qid=1665564619&qu=eyJxc2MiOiIzLjYxIiwicXNhIjoiMi45NiIsInFzcCI6IjIuODAifQ%3D%3D&sprefix=skii%2Caps%2C408&sr=8-12,2022-10-12
"Morrisons Chocolate Mousse 6 Pots, 360 g","
                    £1.25
                   ","
                      4.4 out of 5 stars
                     ","
                    702
                   ",https://www.amazon.com/Morrisons-Chocolate-Mousse-60g-pots/dp/B01AWH2NJ6/ref=sr_1_13_f3_0o_morri?crid=2CAHDTR5AV0UH&keywords=skII&qid=1665564619&qu=eyJxc2MiOiIzLjYxIiwicXNhIjoiMi45NiIsInFzcCI6IjIuODAifQ%3D%3D&sprefix=skii%2Caps%2C408&sr=8-13,2022-10-12
"Paula's Choice Skin Perfecting 2% BHA Liquid Exfoliant - Face Exfoliating Peel Fights Blackheads, Breakouts & Enlarged Pores - with Salicylic Acid - Combination, Oily & Acne Prone Skin - 118 ml","
                    £33.00
                   ","
                      4.5 out of 5 stars
                     ","
                    13,124
                   ",https://www.amazon.com/Paulas-Choice-Perfecting-Liquid-Exfoliant/dp/B07PCSNFLP/ref=sr_1_14?crid=2CAHDTR5AV0UH&keywords=skII&qid=1665564619&qu=eyJxc2MiOiIzLjYxIiwicXNhIjoiMi45NiIsInFzcCI6IjIuODAifQ%3D%3D&sprefix=skii%2Caps%2C408&sr=8-14,2022-10-12
MEDIHEAL Official [Korea's No 1 Sheet Mask] - Collagen Essential Lifting & Firming Mask (5 Masks),"
                    £11.05
                   ","
                      4.6 out of 5 stars
                     ","
                    1,392
                   ",https://www.amazon.com/MEDIHEAL-Official-Koreas-Sheet-Mask/dp/B07T32XPCW/ref=sr_1_15?crid=2CAHDTR5AV0UH&keywords=skII&qid=1665564619&qu=eyJxc2MiOiIzLjYxIiwicXNhIjoiMi45NiIsInFzcCI6IjIuODAifQ%3D%3D&sprefix=skii%2Caps%2C408&sr=8-15,2022-10-12
"OutdoorMaster Ski Goggles PRO - Frameless, Interchangeable Lens 100% UV400 Protection Snow Goggles for Men & Women","
                    £37.99
                   ","
                      4.6 out of 5 stars
                     ","
                    7,834
                   ",https://www.amazon.com/OutdoorMaster-Ski-Goggles-PRO-Interchangeable/dp/B014XKTFI0/ref=sr_1_16?crid=2CAHDTR5AV0UH&keywords=skII&qid=1665564619&qu=eyJxc2MiOiIzLjYxIiwicXNhIjoiMi45NiIsInFzcCI6IjIuODAifQ%3D%3D&sprefix=skii%2Caps%2C408&sr=8-16,2022-10-12
Retinol Moisturizer for Face (120ml) – Anti Ageing Face Cream Reduces Scars Ance and Wrinkles with Hyaluronic Acid and Vitamin E,"
                    £18.88
                   ","
                      4.2 out of 5 stars
                     ","
                    7,345
                   ",https://www.amazon.com/2-5-Retinol-Moisturizer-Face-120ml/dp/B017XZVYMC/ref=sr_1_17?crid=2CAHDTR5AV0UH&keywords=skII&qid=1665564619&qu=eyJxc2MiOiIzLjYxIiwicXNhIjoiMi45NiIsInFzcCI6IjIuODAifQ%3D%3D&sprefix=skii%2Caps%2C408&sr=8-17,2022-10-12
Skinfood Facial Mask Rice Wash Off - 3.52 Oz,"
                    £13.00
                   ","
                      4.4 out of 5 stars
                     ","
                    127
                   ",https://www.amazon.com/Skin-food-Rice-Mask-Ounce/dp/B004FKNYWW/ref=sr_1_18?crid=2CAHDTR5AV0UH&keywords=skII&qid=1665564619&qu=eyJxc2MiOiIzLjYxIiwicXNhIjoiMi45NiIsInFzcCI6IjIuODAifQ%3D%3D&sprefix=skii%2Caps%2C408&sr=8-18,2022-10-12
Balaclava Ski Mask for Men Women Face Mask for Cold Weather Winter Windproof Outdoors in Winter Neck Warmer Multifunctional Sports Cold Weather Gear,"
                    £12.88
                   ","
                      4.1 out of 5 stars
                     ","
                    1,748
                   ",https://www.amazon.com/Balaclava-Windproof-Motorcycle-Multifunctional-Snowboard/dp/B0756RNPR8/ref=sr_1_19?crid=2CAHDTR5AV0UH&keywords=skII&qid=1665564619&qu=eyJxc2MiOiIzLjYxIiwicXNhIjoiMi45NiIsInFzcCI6IjIuODAifQ%3D%3D&sprefix=skii%2Caps%2C408&sr=8-19,2022-10-12
"SLOPE WARRIOR Cosmic Rider Merino Wool Alpine Performance Socks, for Men, Women, Shin Padding, Fast Drying, Warm, Knee High Thermal Socks for Ski, Snowboarding and Mountaineering","
                    £18.60
                   ","
                      4.1 out of 5 stars
                     ","
                    4
                   ",https://www.amazon.com/SLOPE-WARRIOR-Cosmic-Rider-High-Performance/dp/B07SX7RL28/ref=sr_1_20?crid=2CAHDTR5AV0UH&keywords=skII&qid=1665564619&qu=eyJxc2MiOiIzLjYxIiwicXNhIjoiMi45NiIsInFzcCI6IjIuODAifQ%3D%3D&sprefix=skii%2Caps%2C408&sr=8-20,2022-10-12
NORTIV 8 Men's 170410 Insulated Waterproof Construction Hiking Winter Snow Boots,"
                    £46.99
                   ","
                      4.4 out of 5 stars
                     ","
                    4,198
                   ",https://www.amazon.com/NORTIV-170410-Waterproof-Winter-Boots/dp/B07FS7B753/ref=sr_1_21?crid=2CAHDTR5AV0UH&keywords=skII&qid=1665564619&qu=eyJxc2MiOiIzLjYxIiwicXNhIjoiMi45NiIsInFzcCI6IjIuODAifQ%3D%3D&sprefix=skii%2Caps%2C408&sr=8-21,2022-10-12
"Snowledge Ski Snowboard Goggles with UV400 Protection, Skiing Snowboarding Goggles of Dual Lens with Anti Fog for Men, Women,Helmet Compatible","
                    £27.99
                   ","
                      4.5 out of 5 stars
                     ","
                    782
                   ",https://www.amazon.com/Snowledge-Snowboard-Goggles-Protection-Compatible/dp/B07GQN2PJ4/ref=sr_1_22?crid=2CAHDTR5AV0UH&keywords=skII&qid=1665564619&qu=eyJxc2MiOiIzLjYxIiwicXNhIjoiMi45NiIsInFzcCI6IjIuODAifQ%3D%3D&sprefix=skii%2Caps%2C408&sr=8-22,2022-10-12
"Merino Wool Ski Socks, Cold Weather Knee-High Thermal Socks for Winter, Snow, Snowboarding, Hiking","
                    £22.31
                   ","
                      4.7 out of 5 stars
                     ","
                    122
                   ",https://www.amazon.com/Merino-Weather-Knee-High-Thermal-Snowboarding/dp/B09M3HCSGS/ref=sr_1_23?crid=2CAHDTR5AV0UH&keywords=skII&qid=1665564619&qu=eyJxc2MiOiIzLjYxIiwicXNhIjoiMi45NiIsInFzcCI6IjIuODAifQ%3D%3D&sprefix=skii%2Caps%2C408&sr=8-23,2022-10-12
OutdoorMaster Ski Goggles PRO Replacement Lens,"
                    £27.99
                   ","
                      4.6 out of 5 stars
                     ","
                    2,372
                   ",https://www.amazon.com/OutdoorMaster-Ski-Goggles-Replacement-Lens/dp/B074JY1NHC/ref=sr_1_24?crid=2CAHDTR5AV0UH&keywords=skII&qid=1665564619&qu=eyJxc2MiOiIzLjYxIiwicXNhIjoiMi45NiIsInFzcCI6IjIuODAifQ%3D%3D&sprefix=skii%2Caps%2C408&sr=8-24,2022-10-12
"Merino Wool Socks High Performance Compression Ski Socks Mens and Women Thermal Knee High Socks, 2 Pairs","
                    £25.99
                   ","
                      4.4 out of 5 stars
                     ","
                    39
                   ",https://www.amazon.com/Merino-Performance-Compression-Socks-Thermal/dp/B09MD5RHY3/ref=sr_1_25?crid=2CAHDTR5AV0UH&keywords=skII&qid=1665564619&qu=eyJxc2MiOiIzLjYxIiwicXNhIjoiMi45NiIsInFzcCI6IjIuODAifQ%3D%3D&sprefix=skii%2Caps%2C408&sr=8-25,2022-10-12
DREAM PAIRS Women’s Waterproof Wellington Duck Rain Boots Outdoor Ankle Low Heel Snow Boots Ladies Originals Lace-up Winter Boots,"
                    £29.99
                   ","
                      5.0 out of 5 stars
                     ","
                    1
                   ",https://www.amazon.com/DREAM-PAIRS-Originals-Waterproof-SDSB2211W-1/dp/B09ZLGFH4D/ref=sr_1_26?crid=2CAHDTR5AV0UH&keywords=skII&qid=1665564619&qu=eyJxc2MiOiIzLjYxIiwicXNhIjoiMi45NiIsInFzcCI6IjIuODAifQ%3D%3D&sprefix=skii%2Caps%2C408&sr=8-26,2022-10-12
"RAYZOR Ski Goggles Snowboard Goggles For Men & Women – OTG Ski Mask with UV400 Protection – Anti-Fog and Shatterproof Skiing Goggles, Anti-Glare Protective Goggles for Men Women Boys & Girls","
                    £21.95
                   ","
                      4.5 out of 5 stars
                     ","
                    869
                   ",https://www.amazon.com/Rayzor-Protection-Comfortable-Shatterproof-Snowmobiles/dp/B002MQ6LTY/ref=sr_1_27?crid=2CAHDTR5AV0UH&keywords=skII&qid=1665564619&qu=eyJxc2MiOiIzLjYxIiwicXNhIjoiMi45NiIsInFzcCI6IjIuODAifQ%3D%3D&sprefix=skii%2Caps%2C408&sr=8-27,2022-10-12
5 Pairs Mens High Performance Thermal Ski Socks - Multicoloured - Mens UK Size 6-11 (EU 39-45),"
                    £11.95
                   ","
                      4.3 out of 5 stars
                     ","
                    363
                   ",https://www.amazon.com/SX167-6-11-Mens-Socks-Pack-6-11/dp/B08M3QKF95/ref=sr_1_28?crid=2CAHDTR5AV0UH&keywords=skII&qid=1665564619&qu=eyJxc2MiOiIzLjYxIiwicXNhIjoiMi45NiIsInFzcCI6IjIuODAifQ%3D%3D&sprefix=skii%2Caps%2C408&sr=8-28,2022-10-12
"SPOSUNE OTG Ski Goggles - Over Glasses Snow Snowboard Goggle with Anti fog Dual lens for Men Women Youth Kids Skiing Skating Snowmobile, Windproof UV400 Protection Winter Sports Protective Glasses","
                    £25.99
                   ","
                      4.6 out of 5 stars
                     ","
                    705
                   ",https://www.amazon.com/SPOSUNE-Protection-Spherical-Snowboard-Compatible/dp/B07WP2LSLR/ref=sr_1_29?crid=2CAHDTR5AV0UH&keywords=skII&qid=1665564619&qu=eyJxc2MiOiIzLjYxIiwicXNhIjoiMi45NiIsInFzcCI6IjIuODAifQ%3D%3D&sprefix=skii%2Caps%2C408&sr=8-29,2022-10-12
SAITAG Balaclava Ski Mask Warm Face Mask for Cold Weather Winter Skiing Snowboarding Motorcycling Ice Fishing Men,"
                    £17.59
                   ","
                      4.6 out of 5 stars
                     ","
                    364
                   ",https://www.amazon.com/SAITAG-Balaclava-Weather-Snowboarding-Motorcycling/dp/B09D2VX1F6/ref=sr_1_30?crid=2CAHDTR5AV0UH&keywords=skII&qid=1665564619&qu=eyJxc2MiOiIzLjYxIiwicXNhIjoiMi45NiIsInFzcCI6IjIuODAifQ%3D%3D&sprefix=skii%2Caps%2C408&sr=8-30,2022-10-12
"2 Pairs Men's Wool Socks, 80% Merino, Hiking Walking Thermal Athletic Socks for Winter Outdoor Recreation Trekking Climbing(UK M-L)","
                    £11.99
                   ","
                      4.4 out of 5 stars
                     ","
                    513
                   ",https://www.amazon.com/Walking-Athletic-Recreation-Trekking-Climbing/dp/B07XGK6VDJ/ref=sr_1_31?crid=2CAHDTR5AV0UH&keywords=skII&qid=1665564619&qu=eyJxc2MiOiIzLjYxIiwicXNhIjoiMi45NiIsInFzcCI6IjIuODAifQ%3D%3D&sprefix=skii%2Caps%2C408&sr=8-31,2022-10-12
"Mountain Warehouse Kids Ski Jacket & Trousers Set - Snowproof Ski Outfit, Front Pockets, Fleece Lined Skiwear, Integrated Snowskirt - Best for Winter Snowboarding","
                    £59.99
                   ","
                      4.6 out of 5 stars
                     ","
                    1,423
                   ",https://www.amazon.com/Mountain-Warehouse-Kids-Jacket-Trousers/dp/B08SKQJ5R6/ref=sr_1_32?crid=2CAHDTR5AV0UH&keywords=skII&qid=1665564619&qu=eyJxc2MiOiIzLjYxIiwicXNhIjoiMi45NiIsInFzcCI6IjIuODAifQ%3D%3D&sprefix=skii%2Caps%2C408&sr=8-32,2022-10-12
"DANISH ENDURANCE Merino Wool Performance Ski Socks, Shin Padding, for Men, Women, Kids, 1 Pack","
                      £26.95
                     ","
                        4.4 out of 5 stars
                       ","
                      3,455
                     ",https://www.amazon.com/sspa/click?ie=UTF8&spc=MTo3ODAxMjgwNjY5Njk1NjU4OjE2NjU1NjQ2MTk6c3BfbXRmOjIwMDcwNDgxMjAzMTA4OjowOjo&sp_csd=d2lkZ2V0TmFtZT1zcF9tdGY&url=%2FDANISH-ENDURANCE-Alpine-Performance-Yellow%2Fdp%2FB07G4BYKTC%2Fref%3Dsr_1_33_sspa%3Fcrid%3D2CAHDTR5AV0UH%26keywords%3DskII%26qid%3D1665564619%26qu%3DeyJxc2MiOiIzLjYxIiwicXNhIjoiMi45NiIsInFzcCI6IjIuODAifQ%253D%253D%26sprefix%3Dskii%252Caps%252C408%26sr%3D8-33-spons%26psc%3D1,2022-10-12
AKSIUM ACCESS,"
                      £38.96
                     ","
                        4.5 out of 5 stars
                       ","
                      656
                     ",https://www.amazon.com/sspa/click?ie=UTF8&spc=MTo3ODAxMjgwNjY5Njk1NjU4OjE2NjU1NjQ2MTk6c3BfbXRmOjIwMDgxNTY2OTkzNTk4OjowOjo&sp_csd=d2lkZ2V0TmFtZT1zcF9tdGY&url=%2FSalomon-Aksium-Goggles-Universal-L40846100%2Fdp%2FB07WKN59J7%2Fref%3Dsr_1_34_sspa%3Fcrid%3D2CAHDTR5AV0UH%26keywords%3DskII%26qid%3D1665564619%26qu%3DeyJxc2MiOiIzLjYxIiwicXNhIjoiMi45NiIsInFzcCI6IjIuODAifQ%253D%253D%26sprefix%3Dskii%252Caps%252C408%26sr%3D8-34-spons%26psc%3D1,2022-10-12
"JVR Blackhead Remover Mask for Men, Bamboo Charcoal Peel Off Black Mask, Purifying & Deep Cleansing for All Skin Types 120g","
                      £9.99
                     ","
                        4.0 out of 5 stars
                       ","
                      504
                     ",https://www.amazon.com/sspa/click?ie=UTF8&spc=MTo3ODAxMjgwNjY5Njk1NjU4OjE2NjU1NjQ2MTk6c3BfbXRmOjIwMDc2NTczMzAyMzk4OjowOjo&sp_csd=d2lkZ2V0TmFtZT1zcF9tdGY&url=%2FJVR-Blackhead-Charcoal-Purifying-Cleansing%2Fdp%2FB087JBPNT5%2Fref%3Dsr_1_35_sspa%3Fcrid%3D2CAHDTR5AV0UH%26keywords%3DskII%26qid%3D1665564619%26qu%3DeyJxc2MiOiIzLjYxIiwicXNhIjoiMi45NiIsInFzcCI6IjIuODAifQ%253D%253D%26sprefix%3Dskii%252Caps%252C408%26sr%3D8-35-spons%26psc%3D1,2022-10-12
REN Clean Skincare Supersize Overnight Recovery Balm 50ml,"
                      £49.00
                     ",,"
                     (£98.00/100 ml)
                    ",https://www.amazon.com/sspa/click?ie=UTF8&spc=MTo3ODAxMjgwNjY5Njk1NjU4OjE2NjU1NjQ2MTk6c3BfbXRmOjIwMDY4Mjg2NjY1ODk4OjowOjo&sp_csd=d2lkZ2V0TmFtZT1zcF9tdGY&url=%2FREN-Clean-Skincare-Supersize-Overnight%2Fdp%2FB09NQFPQ4N%2Fref%3Dsr_1_36_sspa%3Fcrid%3D2CAHDTR5AV0UH%26keywords%3DskII%26qid%3D1665564619%26qu%3DeyJxc2MiOiIzLjYxIiwicXNhIjoiMi45NiIsInFzcCI6IjIuODAifQ%253D%253D%26smid%3DA3P5ROKL5A1OLE%26sprefix%3Dskii%252Caps%252C408%26sr%3D8-36-spons%26psc%3D1,2022-10-12
Blulu Ski Mask Winter Balaclava Ski Mask Warm Full Face Ski Mask Thermal Men Ski Mask 3 Hole Knit Face Mask for Outdoor Sports,"
                    £7.59
                   ","
                      3.9 out of 5 stars
                     ","
                    92
                   ",https://www.amazon.com/Winter-Balaclava-Thermal-3-Hole-Outdoor/dp/B09J16SXYJ/ref=sr_1_37?crid=2CAHDTR5AV0UH&keywords=skII&qid=1665564619&qu=eyJxc2MiOiIzLjYxIiwicXNhIjoiMi45NiIsInFzcCI6IjIuODAifQ%3D%3D&sprefix=skii%2Caps%2C408&sr=8-37,2022-10-12
"coskefy Thermal Gloves, -20℉ Coldproof Touchscreen Ski Gloves Waterproof Winter Gloves 3M Thinsulate Snow Gloves for Walking Snowboarding Hiking Outdoor","
                    £11.04
                   ","
                      4.5 out of 5 stars
                     ","
                    1,967
                   ",https://www.amazon.com/coskefy-Thermal-Thinsulate-Touchscreen-Snowboarding/dp/B07HGQMK4H/ref=sr_1_38?crid=2CAHDTR5AV0UH&keywords=skII&qid=1665564619&qu=eyJxc2MiOiIzLjYxIiwicXNhIjoiMi45NiIsInFzcCI6IjIuODAifQ%3D%3D&smid=A3PNIR7C4EEUQS&sprefix=skii%2Caps%2C408&sr=8-38,2022-10-12
BODY ARMOUR CE MOTORBIKE/MOTORCYCLE/MOTOCROSS SKIING SKATING SNOW BOARD IMPACT PADDED SPINE GUARD PROTECTIVE SUIT (M),"
                    £49.99
                   ","
                      3.5 out of 5 stars
                     ","
                    8
                   ",https://www.amazon.com/ARMOUR-MOTORBIKE-MOTORCYCLE-MOTOCROSS-PROTECTIVE/dp/B07DCFMPB3/ref=sr_1_39?crid=2CAHDTR5AV0UH&keywords=skII&qid=1665564619&qu=eyJxc2MiOiIzLjYxIiwicXNhIjoiMi45NiIsInFzcCI6IjIuODAifQ%3D%3D&sprefix=skii%2Caps%2C408&sr=8-39,2022-10-12
4 Pairs of Mens High Performance Thermal Ski Socks-Assorted-UK 6 - 11 ( Eur 39 - 45 ),"
                    £12.95
                   ","
                      4.5 out of 5 stars
                     ","
                    4,028
                   ",https://www.amazon.com/Pairs-Mens-Performance-Thermal-Socks-Assorted-UK/dp/B01N59WFGI/ref=sr_1_40?crid=2CAHDTR5AV0UH&keywords=skII&qid=1665564619&qu=eyJxc2MiOiIzLjYxIiwicXNhIjoiMi45NiIsInFzcCI6IjIuODAifQ%3D%3D&sprefix=skii%2Caps%2C408&sr=8-40,2022-10-12
Sakkas Booker Cashmere Feel Solid Colored Unisex Winter Scarf With Fringe,"
                    £12.99
                   ","
                      4.4 out of 5 stars
                     ","
                    443
                   ",https://www.amazon.com/Sakkas-1590-Booker-Cashmere-Colored/dp/B07CP2KVM9/ref=sr_1_42?crid=2CAHDTR5AV0UH&keywords=skII&qid=1665564619&qu=eyJxc2MiOiIzLjYxIiwicXNhIjoiMi45NiIsInFzcCI6IjIuODAifQ%3D%3D&sprefix=skii%2Caps%2C408&sr=8-42,2022-10-12
"L'Oréal Paris Perfect Golden Age Re-Activating Essence, 125ml","
                    £16.99
                   ","
                      4.5 out of 5 stars
                     ","
                    631
                   ",https://www.amazon.com/LOr%C3%A9al-Perfect-Golden-Re-Activating-Essence/dp/B01AIPJ4A8/ref=sr_1_43?crid=2CAHDTR5AV0UH&keywords=skII&qid=1665564619&qu=eyJxc2MiOiIzLjYxIiwicXNhIjoiMi45NiIsInFzcCI6IjIuODAifQ%3D%3D&sprefix=skii%2Caps%2C408&sr=8-43,2022-10-12
donhobo Men's Fleece Jacket Winter Waterproof Warm Ski Jackets Windproof Coat With Zip Pockets Hood,"
                    £51.98
                   ","
                      4.4 out of 5 stars
                     ","
                    2,559
                   ",https://www.amazon.com/donhobo-Waterproof-Jackets-Windproof-Pockets/dp/B0787PLRXM/ref=sr_1_44?crid=2CAHDTR5AV0UH&keywords=skII&qid=1665564619&qu=eyJxc2MiOiIzLjYxIiwicXNhIjoiMi45NiIsInFzcCI6IjIuODAifQ%3D%3D&sprefix=skii%2Caps%2C408&sr=8-44,2022-10-12
Sock Stack 4 Pairs Of Mens Performance Ski Sock Long Thermal Heat Pro Winter Cushioned Arch Support Snowboard Socks With Full Terry Socks UK Size 6-11,"
                    £9.95
                   ","
                      4.2 out of 5 stars
                     ","
                    223
                   ",https://www.amazon.com/Sock-Stack-Performance-Cushioned-Snowboard/dp/B07YRXCDVJ/ref=sr_1_45?crid=2CAHDTR5AV0UH&keywords=skII&qid=1665564619&qu=eyJxc2MiOiIzLjYxIiwicXNhIjoiMi45NiIsInFzcCI6IjIuODAifQ%3D%3D&sprefix=skii%2Caps%2C408&sr=8-45,2022-10-12
DREAM PAIRS Boys Girls Faux Fur Lined Winter Snow Boots (Toddler/Little Kid/Big Kid) Shorty-K,"
                    £29.99
                   ","
                      4.6 out of 5 stars
                     ","
                    6,149
                   ",https://www.amazon.com/Dream-Shorty-K-Chesnut-Sheepskin-Winter/dp/B07MZSY43Q/ref=sr_1_46?crid=2CAHDTR5AV0UH&keywords=skII&qid=1665564619&qu=eyJxc2MiOiIzLjYxIiwicXNhIjoiMi45NiIsInFzcCI6IjIuODAifQ%3D%3D&sprefix=skii%2Caps%2C408&sr=8-46,2022-10-12
"SECRET KEY Starting Treatment Essence Rose Edition 5.07 fl.oz. (150ml) - 94% Galactonyces Fermented Filtrate & Rose Flower Water, Anti-Wrikle & Moisturizing First Step Skin Care Essence, Paraben Free","
                    £23.95
                   ","
                      4.6 out of 5 stars
                     ","
                    206
                   ",https://www.amazon.com/Secret-Key-Starting-Treatment-Essence_Rose/dp/B01HCH690S/ref=sr_1_47?crid=2CAHDTR5AV0UH&keywords=skII&qid=1665564619&qu=eyJxc2MiOiIzLjYxIiwicXNhIjoiMi45NiIsInFzcCI6IjIuODAifQ%3D%3D&sprefix=skii%2Caps%2C408&sr=8-47,2022-10-12
4 Pairs High Performance Ladies Ski Socks Long Hose Thermal Socks-Assorted-UK 4 - 7,"
                    £12.95
                   ","
                      4.5 out of 5 stars
                     ","
                    2,891
                   ",https://www.amazon.com/Pairs-Performance-Ladies-Thermal-Socks-Assorted-UK/dp/B01N5MCB4M/ref=sr_1_48?crid=2CAHDTR5AV0UH&keywords=skII&qid=1665564619&qu=eyJxc2MiOiIzLjYxIiwicXNhIjoiMi45NiIsInFzcCI6IjIuODAifQ%3D%3D&sprefix=skii%2Caps%2C408&sr=8-48,2022-10-12
"Odoland OTG Ski Goggles Set with Detachable Lens, Frameless Interchangeable Magnetic Lens for Skiing Skating Snowboard, Anti-Fog and UV400 Protection Snow Goggles for Men and Women","
                    £39.99
                   ","
                      4.6 out of 5 stars
                     ","
                    492
                   ",https://www.amazon.com/Odoland-Detachable-Interchangeable-Snowmobiles-Protection/dp/B08CGZMM1C/ref=sr_1_50?crid=2CAHDTR5AV0UH&keywords=skII&qid=1665564619&qu=eyJxc2MiOiIzLjYxIiwicXNhIjoiMi45NiIsInFzcCI6IjIuODAifQ%3D%3D&sprefix=skii%2Caps%2C408&sr=8-50,2022-10-12
"Winter Neck Warmer Neck Gaiter Ski Snood for Men with Thermal Fleece Waterproof Fabric, Face Covering Multifunction Headwear Elastic Tube Face Scarf Face Shield for Sports Cycling Skiing, Running","
                    £8.99
                   ","
                      4.4 out of 5 stars
                     ","
                    607
                   ",https://www.amazon.com/Thermal-Waterproof-Covering-Multifunction-Headwear/dp/B08P3JBG38/ref=sr_1_51?crid=2CAHDTR5AV0UH&keywords=skII&qid=1665564619&qu=eyJxc2MiOiIzLjYxIiwicXNhIjoiMi45NiIsInFzcCI6IjIuODAifQ%3D%3D&sprefix=skii%2Caps%2C408&sr=8-51,2022-10-12
"DANISH ENDURANCE Merino Wool Performance Ski Socks, Shin Padding, for Men, Women, Kids, 1 Pack","
                    £26.95
                   ","
                      4.4 out of 5 stars
                     ","
                    3,455
                   ",https://www.amazon.com/DANISH-ENDURANCE-Alpine-Performance-Socks/dp/B07HKB1RS2/ref=sr_1_52?crid=2CAHDTR5AV0UH&keywords=skII&qid=1665564619&qu=eyJxc2MiOiIzLjYxIiwicXNhIjoiMi45NiIsInFzcCI6IjIuODAifQ%3D%3D&sprefix=skii%2Caps%2C408&sr=8-52,2022-10-12
"findway Ski Goggles, Skiing Goggles For Snowboard Jet Snow, For Women Men Ladies Youth Teen OTG Over Helmet Compatible, Anti-fog 100% UV Protection, Anti-glare Ski Goggles, For Skiing Snowboarding","
                    £19.99
                   ","
                      4.5 out of 5 stars
                     ","
                    1,258
                   ",https://www.amazon.com/findway-Compatible-Protection-Anti-glare-Snowboarding/dp/B07MVWWZ3X/ref=sr_1_53?crid=2CAHDTR5AV0UH&keywords=skII&qid=1665564619&qu=eyJxc2MiOiIzLjYxIiwicXNhIjoiMi45NiIsInFzcCI6IjIuODAifQ%3D%3D&sprefix=skii%2Caps%2C408&sr=8-53,2022-10-12
"DANISH ENDURANCE Merino Wool Performance Ski Socks, Shin Padding, for Men, Women, Kids, 2 Pack","
                    £37.95
                   ","
                      4.5 out of 5 stars
                     ","
                    827
                   ",https://www.amazon.com/Alpine-Performance-Socks-packs-Multicolour/dp/B07XYZXYCS/ref=sr_1_54?crid=2CAHDTR5AV0UH&keywords=skII&qid=1665564619&qu=eyJxc2MiOiIzLjYxIiwicXNhIjoiMi45NiIsInFzcCI6IjIuODAifQ%3D%3D&sprefix=skii%2Caps%2C408&sr=8-54,2022-10-12
YEKEYI Women Balaclava Hood hat Winter Cashmere Knitted Beanie Hats Ski Mask Ski Cap Outdoor,"
                    £19.99
                   ","
                      3.9 out of 5 stars
                     ","
                    23
                   ",https://www.amazon.com/YEKEYI-Balaclava-Cashmere-Knitted-Outdoor/dp/B08MT6ZZ4F/ref=sr_1_55?crid=2CAHDTR5AV0UH&keywords=skII&qid=1665564619&qu=eyJxc2MiOiIzLjYxIiwicXNhIjoiMi45NiIsInFzcCI6IjIuODAifQ%3D%3D&sprefix=skii%2Caps%2C408&sr=8-55,2022-10-12
GG ST Balaclava Windproof Ski Mask Winter Thermal Fleece Hood Heavyweight Neck Warmer Snood Outdoor Sports Face Covers Hat For Men & Women,"
                    £13.99
                   ","
                      4.3 out of 5 stars
                     ","
                    2,607
                   ",https://www.amazon.com/GG-ST-Balaclava-Windproof-Heavyweight/dp/B07GNTHWN6/ref=sr_1_56?crid=2CAHDTR5AV0UH&keywords=skII&qid=1665564619&qu=eyJxc2MiOiIzLjYxIiwicXNhIjoiMi45NiIsInFzcCI6IjIuODAifQ%3D%3D&sprefix=skii%2Caps%2C408&sr=8-56,2022-10-12
donhobo Men's Fleece Jacket Winter Waterproof Warm Ski Jackets Windproof Coat With Zip Pockets Hood,"
                      £51.98
                     ","
                        4.4 out of 5 stars
                       ","
                      2,559
                     ",https://www.amazon.com/sspa/click?ie=UTF8&spc=MTo3ODAxMjgwNjY5Njk1NjU4OjE2NjU1NjQ2MTk6c3BfYnRmOjIwMDQzMDM2MDk2MjA2OjowOjo&sp_csd=d2lkZ2V0TmFtZT1zcF9idGY&url=%2Fdonhobo-Waterproof-Jackets-Windproof-Pockets%2Fdp%2FB0787PLRXM%2Fref%3Dsr_1_57_sspa%3Fcrid%3D2CAHDTR5AV0UH%26keywords%3DskII%26qid%3D1665564619%26qu%3DeyJxc2MiOiIzLjYxIiwicXNhIjoiMi45NiIsInFzcCI6IjIuODAifQ%253D%253D%26sprefix%3Dskii%252Caps%252C408%26sr%3D8-57-spons%26psc%3D1,2022-10-12
"NIVEA Cellular LUMINOUS 630 Anti-Dark Spot Advanced Treatment Serum (30ml), Face Serum for Women, Facial Serum For Luminous Skin","
                      £10.00
                     ","
                        4.3 out of 5 stars
                       ","
                      520
                     ",https://www.amazon.com/sspa/click?ie=UTF8&spc=MTo3ODAxMjgwNjY5Njk1NjU4OjE2NjU1NjQ2MTk6c3BfYnRmOjIwMDI3OTMzOTI2ODk4OjowOjo&sp_csd=d2lkZ2V0TmFtZT1zcF9idGY&url=%2FNIVEA-Cellular-LUMINOUS-Anti-Dark-Treatment%2Fdp%2FB096R4DM7Y%2Fref%3Dsr_1_58_sspa%3Fcrid%3D2CAHDTR5AV0UH%26keywords%3DskII%26qid%3D1665564619%26qu%3DeyJxc2MiOiIzLjYxIiwicXNhIjoiMi45NiIsInFzcCI6IjIuODAifQ%253D%253D%26smid%3DA3P5ROKL5A1OLE%26sprefix%3Dskii%252Caps%252C408%26sr%3D8-58-spons%26psc%3D1,2022-10-12
"RAYZOR Ski Goggles Snowboard Goggles For Men & Women – OTG Ski Mask with UV400 Protection – Anti-Fog and Shatterproof Skiing Goggles, Anti-Glare Protective Goggles for Men Women Boys & Girls","
                      £21.95
                     ","
                        4.5 out of 5 stars
                       ","
                      869
                     ",https://www.amazon.com/sspa/click?ie=UTF8&spc=MTo3ODAxMjgwNjY5Njk1NjU4OjE2NjU1NjQ2MTk6c3BfYXRmOjIwMDE2NTI2MzAyMzk4OjowOjo&sp_csd=d2lkZ2V0TmFtZT1zcF9hdGY&url=%2FRayzor-Protection-Comfortable-Shatterproof-Snowmobiles%2Fdp%2FB002MQ6LTY%2Fref%3Dsr_1_1_sspa%3Fcrid%3D2CAHDTR5AV0UH%26keywords%3DskII%26qid%3D1665564619%26qu%3DeyJxc2MiOiIzLjYxIiwicXNhIjoiMi45NiIsInFzcCI6IjIuODAifQ%253D%253D%26sprefix%3Dskii%252Caps%252C408%26sr%3D8-1-spons%26psc%3D1,2022-10-12
Handle Double Shoulder Strap Easily 2Pcs Activities Fixing Fixing Belt Skis Strap Power Training Convenient for Family Skiing Activities,"
                      £10.49
                     ",,,https://www.amazon.com/sspa/click?ie=UTF8&spc=MTo3ODAxMjgwNjY5Njk1NjU4OjE2NjU1NjQ2MTk6c3BfYXRmOjIwMDcxMjg1MDcwMjk4OjowOjo&sp_csd=d2lkZ2V0TmFtZT1zcF9hdGY&url=%2FHandle-Shoulder-Activities-Training-Convenient%2Fdp%2FB09285W6B1%2Fref%3Dsr_1_2_sspa%3Fcrid%3D2CAHDTR5AV0UH%26keywords%3DskII%26qid%3D1665564619%26qu%3DeyJxc2MiOiIzLjYxIiwicXNhIjoiMi45NiIsInFzcCI6IjIuODAifQ%253D%253D%26sprefix%3Dskii%252Caps%252C408%26sr%3D8-2-spons%26psc%3D1,2022-10-12
IMIKEYA 6pcs Ski Straps Adjustable Ski Wraps Ties Ski Board Carrier Fastener Tape Colorful Tape Strap Band for Outdoor Skiing,"
                      £13.29
                     ",,,https://www.amazon.com/sspa/click?ie=UTF8&spc=MTo3ODAxMjgwNjY5Njk1NjU4OjE2NjU1NjQ2MTk6c3BfYXRmOjIwMDU5ODYxMzgwNjAxOjowOjo&sp_csd=d2lkZ2V0TmFtZT1zcF9hdGY&url=%2FIMIKEYA-Adjustable-Carrier-Fastener-Colorful%2Fdp%2FB08YQRQ6B7%2Fref%3Dsr_1_3_sspa%3Fcrid%3D2CAHDTR5AV0UH%26keywords%3DskII%26qid%3D1665564619%26qu%3DeyJxc2MiOiIzLjYxIiwicXNhIjoiMi45NiIsInFzcCI6IjIuODAifQ%253D%253D%26sprefix%3Dskii%252Caps%252C408%26sr%3D8-3-spons%26psc%3D1,2022-10-12
"Pinsofy Ski Shoulder Carrier, Power Training Portable Ski and Pole Carrier Strap, Adjustable 43.3in Skiing Skiers Pole for Fixing Ski","
                      £10.18
                     ",,,https://www.amazon.com/sspa/click?ie=UTF8&spc=MTo3ODAxMjgwNjY5Njk1NjU4OjE2NjU1NjQ2MTk6c3BfYXRmOjIwMDQ2NTYyNDczMjAyOjowOjo&sp_csd=d2lkZ2V0TmFtZT1zcF9hdGY&url=%2FPinsofy-Shoulder-Training-Portable-Adjustable%2Fdp%2FB08P93CBQV%2Fref%3Dsr_1_4_sspa%3Fcrid%3D2CAHDTR5AV0UH%26keywords%3DskII%26qid%3D1665564619%26qu%3DeyJxc2MiOiIzLjYxIiwicXNhIjoiMi45NiIsInFzcCI6IjIuODAifQ%253D%253D%26sprefix%3Dskii%252Caps%252C408%26sr%3D8-4-spons%26psc%3D1,2022-10-12
SK-II Facial Treatment Essence Pitera 7.7oz,"
                    £212.00
                   ","
                      4.4 out of 5 stars
                     ","
                    237
                   ",https://www.amazon.com/SK-II-Facial-Treatment-Essence-Pitera/dp/B01M599DYT/ref=sr_1_5?crid=2CAHDTR5AV0UH&keywords=skII&qid=1665564619&qu=eyJxc2MiOiIzLjYxIiwicXNhIjoiMi45NiIsInFzcCI6IjIuODAifQ%3D%3D&sprefix=skii%2Caps%2C408&sr=8-5,2022-10-12
SK-II GENOPTICS Aura Essence 50ml 2016,"
                    £174.95
                   ","
                      4.1 out of 5 stars
                     ","
                    76
                   ",https://www.amazon.com/SK-II-GENOPTICS-AURA-ESSENCE-50ml/dp/B01BF1SC6Q/ref=sr_1_6?crid=2CAHDTR5AV0UH&keywords=skII&qid=1665564619&qu=eyJxc2MiOiIzLjYxIiwicXNhIjoiMi45NiIsInFzcCI6IjIuODAifQ%3D%3D&sprefix=skii%2Caps%2C408&sr=8-6,2022-10-12
SK-II Facial Treatment Gentle Cleanser - 120ml,"
                    £77.00
                   ","
                      4.1 out of 5 stars
                     ","
                    66
                   ",https://www.amazon.com/SK-II-Cleanser-Facial-Treatment/dp/B00ANEU7HY/ref=sr_1_7?crid=2CAHDTR5AV0UH&keywords=skII&qid=1665564619&qu=eyJxc2MiOiIzLjYxIiwicXNhIjoiMi45NiIsInFzcCI6IjIuODAifQ%3D%3D&sprefix=skii%2Caps%2C408&sr=8-7,2022-10-12
SK-II - Facial Treatment Clear Lotion (230ml),"
                    £83.95
                   ","
                      4.4 out of 5 stars
                     ","
                    189
                   ",https://www.amazon.com/SK-II-Facial-Treatment-Clear-Lotion/dp/B06ZZYQXJG/ref=sr_1_8?crid=2CAHDTR5AV0UH&keywords=skII&qid=1665564619&qu=eyJxc2MiOiIzLjYxIiwicXNhIjoiMi45NiIsInFzcCI6IjIuODAifQ%3D%3D&sprefix=skii%2Caps%2C408&sr=8-8,2022-10-12
Facial Treatment Mask SKII 10 Pcs Treatment For Unisex,"
                    £116.68
                   ","
                      4.4 out of 5 stars
                     ","
                    203
                   ",https://www.amazon.com/Facial-Treatment-Mask-SKII-Unisex/dp/B00JDVP18S/ref=sr_1_9?crid=2CAHDTR5AV0UH&keywords=skII&qid=1665564619&qu=eyJxc2MiOiIzLjYxIiwicXNhIjoiMi45NiIsInFzcCI6IjIuODAifQ%3D%3D&sprefix=skii%2Caps%2C408&sr=8-9,2022-10-12
SK II Facial Treatment Essence 230ml,"
                    £177.21
                   ","
                      4.3 out of 5 stars
                     ","
                    526
                   ",https://www.amazon.com/SK-Facial-Treatment-Essence-230ml/dp/B01296JRMO/ref=sr_1_10?crid=2CAHDTR5AV0UH&keywords=skII&qid=1665564619&qu=eyJxc2MiOiIzLjYxIiwicXNhIjoiMi45NiIsInFzcCI6IjIuODAifQ%3D%3D&sprefix=skii%2Caps%2C408&sr=8-10,2022-10-12
SK-II R.N.A Power Radical New Age Eye Cream 0.5oz,"
                    £99.98
                   ","
                      4.0 out of 5 stars
                     ","
                    121
                   ",https://www.amazon.com/SK-II-Power-Radical-Cream-0-5oz/dp/B0716JS4KX/ref=sr_1_11?crid=2CAHDTR5AV0UH&keywords=skII&qid=1665564619&qu=eyJxc2MiOiIzLjYxIiwicXNhIjoiMi45NiIsInFzcCI6IjIuODAifQ%3D%3D&sprefix=skii%2Caps%2C408&sr=8-11,2022-10-12
DREAM PAIRS Womens Outdoor Snow Boots Ladies Winter Boot Waterproof Lightweight Warm Fashion Shoes,"
                    £34.99
                   ","
                      5.0 out of 5 stars
                     ","
                    1
                   ",https://www.amazon.com/DREAM-PAIRS-Waterproof-Lightweight-SDSB2213W/dp/B09ZLGYNR7/ref=sr_1_12?crid=2CAHDTR5AV0UH&keywords=skII&qid=1665564619&qu=eyJxc2MiOiIzLjYxIiwicXNhIjoiMi45NiIsInFzcCI6IjIuODAifQ%3D%3D&sprefix=skii%2Caps%2C408&sr=8-12,2022-10-12
"Morrisons Chocolate Mousse 6 Pots, 360 g","
                    £1.25
                   ","
                      4.4 out of 5 stars
                     ","
                    702
                   ",https://www.amazon.com/Morrisons-Chocolate-Mousse-60g-pots/dp/B01AWH2NJ6/ref=sr_1_13_f3_0o_morri?crid=2CAHDTR5AV0UH&keywords=skII&qid=1665564619&qu=eyJxc2MiOiIzLjYxIiwicXNhIjoiMi45NiIsInFzcCI6IjIuODAifQ%3D%3D&sprefix=skii%2Caps%2C408&sr=8-13,2022-10-12
"Paula's Choice Skin Perfecting 2% BHA Liquid Exfoliant - Face Exfoliating Peel Fights Blackheads, Breakouts & Enlarged Pores - with Salicylic Acid - Combination, Oily & Acne Prone Skin - 118 ml","
                    £33.00
                   ","
                      4.5 out of 5 stars
                     ","
                    13,124
                   ",https://www.amazon.com/Paulas-Choice-Perfecting-Liquid-Exfoliant/dp/B07PCSNFLP/ref=sr_1_14?crid=2CAHDTR5AV0UH&keywords=skII&qid=1665564619&qu=eyJxc2MiOiIzLjYxIiwicXNhIjoiMi45NiIsInFzcCI6IjIuODAifQ%3D%3D&sprefix=skii%2Caps%2C408&sr=8-14,2022-10-12
MEDIHEAL Official [Korea's No 1 Sheet Mask] - Collagen Essential Lifting & Firming Mask (5 Masks),"
                    £11.05
                   ","
                      4.6 out of 5 stars
                     ","
                    1,392
                   ",https://www.amazon.com/MEDIHEAL-Official-Koreas-Sheet-Mask/dp/B07T32XPCW/ref=sr_1_15?crid=2CAHDTR5AV0UH&keywords=skII&qid=1665564619&qu=eyJxc2MiOiIzLjYxIiwicXNhIjoiMi45NiIsInFzcCI6IjIuODAifQ%3D%3D&sprefix=skii%2Caps%2C408&sr=8-15,2022-10-12
"OutdoorMaster Ski Goggles PRO - Frameless, Interchangeable Lens 100% UV400 Protection Snow Goggles for Men & Women","
                    £37.99
                   ","
                      4.6 out of 5 stars
                     ","
                    7,834
                   ",https://www.amazon.com/OutdoorMaster-Ski-Goggles-PRO-Interchangeable/dp/B014XKTFI0/ref=sr_1_16?crid=2CAHDTR5AV0UH&keywords=skII&qid=1665564619&qu=eyJxc2MiOiIzLjYxIiwicXNhIjoiMi45NiIsInFzcCI6IjIuODAifQ%3D%3D&sprefix=skii%2Caps%2C408&sr=8-16,2022-10-12
Retinol Moisturizer for Face (120ml) – Anti Ageing Face Cream Reduces Scars Ance and Wrinkles with Hyaluronic Acid and Vitamin E,"
                    £18.88
                   ","
                      4.2 out of 5 stars
                     ","
                    7,345
                   ",https://www.amazon.com/2-5-Retinol-Moisturizer-Face-120ml/dp/B017XZVYMC/ref=sr_1_17?crid=2CAHDTR5AV0UH&keywords=skII&qid=1665564619&qu=eyJxc2MiOiIzLjYxIiwicXNhIjoiMi45NiIsInFzcCI6IjIuODAifQ%3D%3D&sprefix=skii%2Caps%2C408&sr=8-17,2022-10-12
Skinfood Facial Mask Rice Wash Off - 3.52 Oz,"
                    £13.00
                   ","
                      4.4 out of 5 stars
                     ","
                    127
                   ",https://www.amazon.com/Skin-food-Rice-Mask-Ounce/dp/B004FKNYWW/ref=sr_1_18?crid=2CAHDTR5AV0UH&keywords=skII&qid=1665564619&qu=eyJxc2MiOiIzLjYxIiwicXNhIjoiMi45NiIsInFzcCI6IjIuODAifQ%3D%3D&sprefix=skii%2Caps%2C408&sr=8-18,2022-10-12
Balaclava Ski Mask for Men Women Face Mask for Cold Weather Winter Windproof Outdoors in Winter Neck Warmer Multifunctional Sports Cold Weather Gear,"
                    £12.88
                   ","
                      4.1 out of 5 stars
                     ","
                    1,748
                   ",https://www.amazon.com/Balaclava-Windproof-Motorcycle-Multifunctional-Snowboard/dp/B0756RNPR8/ref=sr_1_19?crid=2CAHDTR5AV0UH&keywords=skII&qid=1665564619&qu=eyJxc2MiOiIzLjYxIiwicXNhIjoiMi45NiIsInFzcCI6IjIuODAifQ%3D%3D&sprefix=skii%2Caps%2C408&sr=8-19,2022-10-12
"SLOPE WARRIOR Cosmic Rider Merino Wool Alpine Performance Socks, for Men, Women, Shin Padding, Fast Drying, Warm, Knee High Thermal Socks for Ski, Snowboarding and Mountaineering","
                    £18.60
                   ","
                      4.1 out of 5 stars
                     ","
                    4
                   ",https://www.amazon.com/SLOPE-WARRIOR-Cosmic-Rider-High-Performance/dp/B07SX7RL28/ref=sr_1_20?crid=2CAHDTR5AV0UH&keywords=skII&qid=1665564619&qu=eyJxc2MiOiIzLjYxIiwicXNhIjoiMi45NiIsInFzcCI6IjIuODAifQ%3D%3D&sprefix=skii%2Caps%2C408&sr=8-20,2022-10-12
NORTIV 8 Men's 170410 Insulated Waterproof Construction Hiking Winter Snow Boots,"
                    £46.99
                   ","
                      4.4 out of 5 stars
                     ","
                    4,198
                   ",https://www.amazon.com/NORTIV-170410-Waterproof-Winter-Boots/dp/B07FS7B753/ref=sr_1_21?crid=2CAHDTR5AV0UH&keywords=skII&qid=1665564619&qu=eyJxc2MiOiIzLjYxIiwicXNhIjoiMi45NiIsInFzcCI6IjIuODAifQ%3D%3D&sprefix=skii%2Caps%2C408&sr=8-21,2022-10-12
"Snowledge Ski Snowboard Goggles with UV400 Protection, Skiing Snowboarding Goggles of Dual Lens with Anti Fog for Men, Women,Helmet Compatible","
                    £27.99
                   ","
                      4.5 out of 5 stars
                     ","
                    782
                   ",https://www.amazon.com/Snowledge-Snowboard-Goggles-Protection-Compatible/dp/B07GQN2PJ4/ref=sr_1_22?crid=2CAHDTR5AV0UH&keywords=skII&qid=1665564619&qu=eyJxc2MiOiIzLjYxIiwicXNhIjoiMi45NiIsInFzcCI6IjIuODAifQ%3D%3D&sprefix=skii%2Caps%2C408&sr=8-22,2022-10-12
"Merino Wool Ski Socks, Cold Weather Knee-High Thermal Socks for Winter, Snow, Snowboarding, Hiking","
                    £22.31
                   ","
                      4.7 out of 5 stars
                     ","
                    122
                   ",https://www.amazon.com/Merino-Weather-Knee-High-Thermal-Snowboarding/dp/B09M3HCSGS/ref=sr_1_23?crid=2CAHDTR5AV0UH&keywords=skII&qid=1665564619&qu=eyJxc2MiOiIzLjYxIiwicXNhIjoiMi45NiIsInFzcCI6IjIuODAifQ%3D%3D&sprefix=skii%2Caps%2C408&sr=8-23,2022-10-12
OutdoorMaster Ski Goggles PRO Replacement Lens,"
                    £27.99
                   ","
                      4.6 out of 5 stars
                     ","
                    2,372
                   ",https://www.amazon.com/OutdoorMaster-Ski-Goggles-Replacement-Lens/dp/B074JY1NHC/ref=sr_1_24?crid=2CAHDTR5AV0UH&keywords=skII&qid=1665564619&qu=eyJxc2MiOiIzLjYxIiwicXNhIjoiMi45NiIsInFzcCI6IjIuODAifQ%3D%3D&sprefix=skii%2Caps%2C408&sr=8-24,2022-10-12
"Merino Wool Socks High Performance Compression Ski Socks Mens and Women Thermal Knee High Socks, 2 Pairs","
                    £25.99
                   ","
                      4.4 out of 5 stars
                     ","
                    39
                   ",https://www.amazon.com/Merino-Performance-Compression-Socks-Thermal/dp/B09MD5RHY3/ref=sr_1_25?crid=2CAHDTR5AV0UH&keywords=skII&qid=1665564619&qu=eyJxc2MiOiIzLjYxIiwicXNhIjoiMi45NiIsInFzcCI6IjIuODAifQ%3D%3D&sprefix=skii%2Caps%2C408&sr=8-25,2022-10-12
DREAM PAIRS Women’s Waterproof Wellington Duck Rain Boots Outdoor Ankle Low Heel Snow Boots Ladies Originals Lace-up Winter Boots,"
                    £29.99
                   ","
                      5.0 out of 5 stars
                     ","
                    1
                   ",https://www.amazon.com/DREAM-PAIRS-Originals-Waterproof-SDSB2211W-1/dp/B09ZLGFH4D/ref=sr_1_26?crid=2CAHDTR5AV0UH&keywords=skII&qid=1665564619&qu=eyJxc2MiOiIzLjYxIiwicXNhIjoiMi45NiIsInFzcCI6IjIuODAifQ%3D%3D&sprefix=skii%2Caps%2C408&sr=8-26,2022-10-12
"RAYZOR Ski Goggles Snowboard Goggles For Men & Women – OTG Ski Mask with UV400 Protection – Anti-Fog and Shatterproof Skiing Goggles, Anti-Glare Protective Goggles for Men Women Boys & Girls","
                    £21.95
                   ","
                      4.5 out of 5 stars
                     ","
                    869
                   ",https://www.amazon.com/Rayzor-Protection-Comfortable-Shatterproof-Snowmobiles/dp/B002MQ6LTY/ref=sr_1_27?crid=2CAHDTR5AV0UH&keywords=skII&qid=1665564619&qu=eyJxc2MiOiIzLjYxIiwicXNhIjoiMi45NiIsInFzcCI6IjIuODAifQ%3D%3D&sprefix=skii%2Caps%2C408&sr=8-27,2022-10-12
5 Pairs Mens High Performance Thermal Ski Socks - Multicoloured - Mens UK Size 6-11 (EU 39-45),"
                    £11.95
                   ","
                      4.3 out of 5 stars
                     ","
                    363
                   ",https://www.amazon.com/SX167-6-11-Mens-Socks-Pack-6-11/dp/B08M3QKF95/ref=sr_1_28?crid=2CAHDTR5AV0UH&keywords=skII&qid=1665564619&qu=eyJxc2MiOiIzLjYxIiwicXNhIjoiMi45NiIsInFzcCI6IjIuODAifQ%3D%3D&sprefix=skii%2Caps%2C408&sr=8-28,2022-10-12
"SPOSUNE OTG Ski Goggles - Over Glasses Snow Snowboard Goggle with Anti fog Dual lens for Men Women Youth Kids Skiing Skating Snowmobile, Windproof UV400 Protection Winter Sports Protective Glasses","
                    £25.99
                   ","
                      4.6 out of 5 stars
                     ","
                    705
                   ",https://www.amazon.com/SPOSUNE-Protection-Spherical-Snowboard-Compatible/dp/B07WP2LSLR/ref=sr_1_29?crid=2CAHDTR5AV0UH&keywords=skII&qid=1665564619&qu=eyJxc2MiOiIzLjYxIiwicXNhIjoiMi45NiIsInFzcCI6IjIuODAifQ%3D%3D&sprefix=skii%2Caps%2C408&sr=8-29,2022-10-12
SAITAG Balaclava Ski Mask Warm Face Mask for Cold Weather Winter Skiing Snowboarding Motorcycling Ice Fishing Men,"
                    £17.59
                   ","
                      4.6 out of 5 stars
                     ","
                    364
                   ",https://www.amazon.com/SAITAG-Balaclava-Weather-Snowboarding-Motorcycling/dp/B09D2VX1F6/ref=sr_1_30?crid=2CAHDTR5AV0UH&keywords=skII&qid=1665564619&qu=eyJxc2MiOiIzLjYxIiwicXNhIjoiMi45NiIsInFzcCI6IjIuODAifQ%3D%3D&sprefix=skii%2Caps%2C408&sr=8-30,2022-10-12
"2 Pairs Men's Wool Socks, 80% Merino, Hiking Walking Thermal Athletic Socks for Winter Outdoor Recreation Trekking Climbing(UK M-L)","
                    £11.99
                   ","
                      4.4 out of 5 stars
                     ","
                    513
                   ",https://www.amazon.com/Walking-Athletic-Recreation-Trekking-Climbing/dp/B07XGK6VDJ/ref=sr_1_31?crid=2CAHDTR5AV0UH&keywords=skII&qid=1665564619&qu=eyJxc2MiOiIzLjYxIiwicXNhIjoiMi45NiIsInFzcCI6IjIuODAifQ%3D%3D&sprefix=skii%2Caps%2C408&sr=8-31,2022-10-12
"Mountain Warehouse Kids Ski Jacket & Trousers Set - Snowproof Ski Outfit, Front Pockets, Fleece Lined Skiwear, Integrated Snowskirt - Best for Winter Snowboarding","
                    £59.99
                   ","
                      4.6 out of 5 stars
                     ","
                    1,423
                   ",https://www.amazon.com/Mountain-Warehouse-Kids-Jacket-Trousers/dp/B08SKQJ5R6/ref=sr_1_32?crid=2CAHDTR5AV0UH&keywords=skII&qid=1665564619&qu=eyJxc2MiOiIzLjYxIiwicXNhIjoiMi45NiIsInFzcCI6IjIuODAifQ%3D%3D&sprefix=skii%2Caps%2C408&sr=8-32,2022-10-12
"DANISH ENDURANCE Merino Wool Performance Ski Socks, Shin Padding, for Men, Women, Kids, 1 Pack","
                      £26.95
                     ","
                        4.4 out of 5 stars
                       ","
                      3,455
                     ",https://www.amazon.com/sspa/click?ie=UTF8&spc=MTo3ODAxMjgwNjY5Njk1NjU4OjE2NjU1NjQ2MTk6c3BfbXRmOjIwMDcwNDgxMjAzMTA4OjowOjo&sp_csd=d2lkZ2V0TmFtZT1zcF9tdGY&url=%2FDANISH-ENDURANCE-Alpine-Performance-Yellow%2Fdp%2FB07G4BYKTC%2Fref%3Dsr_1_33_sspa%3Fcrid%3D2CAHDTR5AV0UH%26keywords%3DskII%26qid%3D1665564619%26qu%3DeyJxc2MiOiIzLjYxIiwicXNhIjoiMi45NiIsInFzcCI6IjIuODAifQ%253D%253D%26sprefix%3Dskii%252Caps%252C408%26sr%3D8-33-spons%26psc%3D1,2022-10-12
AKSIUM ACCESS,"
                      £38.96
                     ","
                        4.5 out of 5 stars
                       ","
                      656
                     ",https://www.amazon.com/sspa/click?ie=UTF8&spc=MTo3ODAxMjgwNjY5Njk1NjU4OjE2NjU1NjQ2MTk6c3BfbXRmOjIwMDgxNTY2OTkzNTk4OjowOjo&sp_csd=d2lkZ2V0TmFtZT1zcF9tdGY&url=%2FSalomon-Aksium-Goggles-Universal-L40846100%2Fdp%2FB07WKN59J7%2Fref%3Dsr_1_34_sspa%3Fcrid%3D2CAHDTR5AV0UH%26keywords%3DskII%26qid%3D1665564619%26qu%3DeyJxc2MiOiIzLjYxIiwicXNhIjoiMi45NiIsInFzcCI6IjIuODAifQ%253D%253D%26sprefix%3Dskii%252Caps%252C408%26sr%3D8-34-spons%26psc%3D1,2022-10-12
"JVR Blackhead Remover Mask for Men, Bamboo Charcoal Peel Off Black Mask, Purifying & Deep Cleansing for All Skin Types 120g","
                      £9.99
                     ","
                        4.0 out of 5 stars
                       ","
                      504
                     ",https://www.amazon.com/sspa/click?ie=UTF8&spc=MTo3ODAxMjgwNjY5Njk1NjU4OjE2NjU1NjQ2MTk6c3BfbXRmOjIwMDc2NTczMzAyMzk4OjowOjo&sp_csd=d2lkZ2V0TmFtZT1zcF9tdGY&url=%2FJVR-Blackhead-Charcoal-Purifying-Cleansing%2Fdp%2FB087JBPNT5%2Fref%3Dsr_1_35_sspa%3Fcrid%3D2CAHDTR5AV0UH%26keywords%3DskII%26qid%3D1665564619%26qu%3DeyJxc2MiOiIzLjYxIiwicXNhIjoiMi45NiIsInFzcCI6IjIuODAifQ%253D%253D%26sprefix%3Dskii%252Caps%252C408%26sr%3D8-35-spons%26psc%3D1,2022-10-12
REN Clean Skincare Supersize Overnight Recovery Balm 50ml,"
                      £49.00
                     ",,"
                     (£98.00/100 ml)
                    ",https://www.amazon.com/sspa/click?ie=UTF8&spc=MTo3ODAxMjgwNjY5Njk1NjU4OjE2NjU1NjQ2MTk6c3BfbXRmOjIwMDY4Mjg2NjY1ODk4OjowOjo&sp_csd=d2lkZ2V0TmFtZT1zcF9tdGY&url=%2FREN-Clean-Skincare-Supersize-Overnight%2Fdp%2FB09NQFPQ4N%2Fref%3Dsr_1_36_sspa%3Fcrid%3D2CAHDTR5AV0UH%26keywords%3DskII%26qid%3D1665564619%26qu%3DeyJxc2MiOiIzLjYxIiwicXNhIjoiMi45NiIsInFzcCI6IjIuODAifQ%253D%253D%26smid%3DA3P5ROKL5A1OLE%26sprefix%3Dskii%252Caps%252C408%26sr%3D8-36-spons%26psc%3D1,2022-10-12
Blulu Ski Mask Winter Balaclava Ski Mask Warm Full Face Ski Mask Thermal Men Ski Mask 3 Hole Knit Face Mask for Outdoor Sports,"
                    £7.59
                   ","
                      3.9 out of 5 stars
                     ","
                    92
                   ",https://www.amazon.com/Winter-Balaclava-Thermal-3-Hole-Outdoor/dp/B09J16SXYJ/ref=sr_1_37?crid=2CAHDTR5AV0UH&keywords=skII&qid=1665564619&qu=eyJxc2MiOiIzLjYxIiwicXNhIjoiMi45NiIsInFzcCI6IjIuODAifQ%3D%3D&sprefix=skii%2Caps%2C408&sr=8-37,2022-10-12
"coskefy Thermal Gloves, -20℉ Coldproof Touchscreen Ski Gloves Waterproof Winter Gloves 3M Thinsulate Snow Gloves for Walking Snowboarding Hiking Outdoor","
                    £11.04
                   ","
                      4.5 out of 5 stars
                     ","
                    1,967
                   ",https://www.amazon.com/coskefy-Thermal-Thinsulate-Touchscreen-Snowboarding/dp/B07HGQMK4H/ref=sr_1_38?crid=2CAHDTR5AV0UH&keywords=skII&qid=1665564619&qu=eyJxc2MiOiIzLjYxIiwicXNhIjoiMi45NiIsInFzcCI6IjIuODAifQ%3D%3D&smid=A3PNIR7C4EEUQS&sprefix=skii%2Caps%2C408&sr=8-38,2022-10-12
BODY ARMOUR CE MOTORBIKE/MOTORCYCLE/MOTOCROSS SKIING SKATING SNOW BOARD IMPACT PADDED SPINE GUARD PROTECTIVE SUIT (M),"
                    £49.99
                   ","
                      3.5 out of 5 stars
                     ","
                    8
                   ",https://www.amazon.com/ARMOUR-MOTORBIKE-MOTORCYCLE-MOTOCROSS-PROTECTIVE/dp/B07DCFMPB3/ref=sr_1_39?crid=2CAHDTR5AV0UH&keywords=skII&qid=1665564619&qu=eyJxc2MiOiIzLjYxIiwicXNhIjoiMi45NiIsInFzcCI6IjIuODAifQ%3D%3D&sprefix=skii%2Caps%2C408&sr=8-39,2022-10-12
4 Pairs of Mens High Performance Thermal Ski Socks-Assorted-UK 6 - 11 ( Eur 39 - 45 ),"
                    £12.95
                   ","
                      4.5 out of 5 stars
                     ","
                    4,028
                   ",https://www.amazon.com/Pairs-Mens-Performance-Thermal-Socks-Assorted-UK/dp/B01N59WFGI/ref=sr_1_40?crid=2CAHDTR5AV0UH&keywords=skII&qid=1665564619&qu=eyJxc2MiOiIzLjYxIiwicXNhIjoiMi45NiIsInFzcCI6IjIuODAifQ%3D%3D&sprefix=skii%2Caps%2C408&sr=8-40,2022-10-12
Sakkas Booker Cashmere Feel Solid Colored Unisex Winter Scarf With Fringe,"
                    £12.99
                   ","
                      4.4 out of 5 stars
                     ","
                    443
                   ",https://www.amazon.com/Sakkas-1590-Booker-Cashmere-Colored/dp/B07CP2KVM9/ref=sr_1_42?crid=2CAHDTR5AV0UH&keywords=skII&qid=1665564619&qu=eyJxc2MiOiIzLjYxIiwicXNhIjoiMi45NiIsInFzcCI6IjIuODAifQ%3D%3D&sprefix=skii%2Caps%2C408&sr=8-42,2022-10-12
"L'Oréal Paris Perfect Golden Age Re-Activating Essence, 125ml","
                    £16.99
                   ","
                      4.5 out of 5 stars
                     ","
                    631
                   ",https://www.amazon.com/LOr%C3%A9al-Perfect-Golden-Re-Activating-Essence/dp/B01AIPJ4A8/ref=sr_1_43?crid=2CAHDTR5AV0UH&keywords=skII&qid=1665564619&qu=eyJxc2MiOiIzLjYxIiwicXNhIjoiMi45NiIsInFzcCI6IjIuODAifQ%3D%3D&sprefix=skii%2Caps%2C408&sr=8-43,2022-10-12
donhobo Men's Fleece Jacket Winter Waterproof Warm Ski Jackets Windproof Coat With Zip Pockets Hood,"
                    £51.98
                   ","
                      4.4 out of 5 stars
                     ","
                    2,559
                   ",https://www.amazon.com/donhobo-Waterproof-Jackets-Windproof-Pockets/dp/B0787PLRXM/ref=sr_1_44?crid=2CAHDTR5AV0UH&keywords=skII&qid=1665564619&qu=eyJxc2MiOiIzLjYxIiwicXNhIjoiMi45NiIsInFzcCI6IjIuODAifQ%3D%3D&sprefix=skii%2Caps%2C408&sr=8-44,2022-10-12
Sock Stack 4 Pairs Of Mens Performance Ski Sock Long Thermal Heat Pro Winter Cushioned Arch Support Snowboard Socks With Full Terry Socks UK Size 6-11,"
                    £9.95
                   ","
                      4.2 out of 5 stars
                     ","
                    223
                   ",https://www.amazon.com/Sock-Stack-Performance-Cushioned-Snowboard/dp/B07YRXCDVJ/ref=sr_1_45?crid=2CAHDTR5AV0UH&keywords=skII&qid=1665564619&qu=eyJxc2MiOiIzLjYxIiwicXNhIjoiMi45NiIsInFzcCI6IjIuODAifQ%3D%3D&sprefix=skii%2Caps%2C408&sr=8-45,2022-10-12
DREAM PAIRS Boys Girls Faux Fur Lined Winter Snow Boots (Toddler/Little Kid/Big Kid) Shorty-K,"
                    £29.99
                   ","
                      4.6 out of 5 stars
                     ","
                    6,149
                   ",https://www.amazon.com/Dream-Shorty-K-Chesnut-Sheepskin-Winter/dp/B07MZSY43Q/ref=sr_1_46?crid=2CAHDTR5AV0UH&keywords=skII&qid=1665564619&qu=eyJxc2MiOiIzLjYxIiwicXNhIjoiMi45NiIsInFzcCI6IjIuODAifQ%3D%3D&sprefix=skii%2Caps%2C408&sr=8-46,2022-10-12
"SECRET KEY Starting Treatment Essence Rose Edition 5.07 fl.oz. (150ml) - 94% Galactonyces Fermented Filtrate & Rose Flower Water, Anti-Wrikle & Moisturizing First Step Skin Care Essence, Paraben Free","
                    £23.95
                   ","
                      4.6 out of 5 stars
                     ","
                    206
                   ",https://www.amazon.com/Secret-Key-Starting-Treatment-Essence_Rose/dp/B01HCH690S/ref=sr_1_47?crid=2CAHDTR5AV0UH&keywords=skII&qid=1665564619&qu=eyJxc2MiOiIzLjYxIiwicXNhIjoiMi45NiIsInFzcCI6IjIuODAifQ%3D%3D&sprefix=skii%2Caps%2C408&sr=8-47,2022-10-12
4 Pairs High Performance Ladies Ski Socks Long Hose Thermal Socks-Assorted-UK 4 - 7,"
                    £12.95
                   ","
                      4.5 out of 5 stars
                     ","
                    2,891
                   ",https://www.amazon.com/Pairs-Performance-Ladies-Thermal-Socks-Assorted-UK/dp/B01N5MCB4M/ref=sr_1_48?crid=2CAHDTR5AV0UH&keywords=skII&qid=1665564619&qu=eyJxc2MiOiIzLjYxIiwicXNhIjoiMi45NiIsInFzcCI6IjIuODAifQ%3D%3D&sprefix=skii%2Caps%2C408&sr=8-48,2022-10-12
"Odoland OTG Ski Goggles Set with Detachable Lens, Frameless Interchangeable Magnetic Lens for Skiing Skating Snowboard, Anti-Fog and UV400 Protection Snow Goggles for Men and Women","
                    £39.99
                   ","
                      4.6 out of 5 stars
                     ","
                    492
                   ",https://www.amazon.com/Odoland-Detachable-Interchangeable-Snowmobiles-Protection/dp/B08CGZMM1C/ref=sr_1_50?crid=2CAHDTR5AV0UH&keywords=skII&qid=1665564619&qu=eyJxc2MiOiIzLjYxIiwicXNhIjoiMi45NiIsInFzcCI6IjIuODAifQ%3D%3D&sprefix=skii%2Caps%2C408&sr=8-50,2022-10-12
"Winter Neck Warmer Neck Gaiter Ski Snood for Men with Thermal Fleece Waterproof Fabric, Face Covering Multifunction Headwear Elastic Tube Face Scarf Face Shield for Sports Cycling Skiing, Running","
                    £8.99
                   ","
                      4.4 out of 5 stars
                     ","
                    607
                   ",https://www.amazon.com/Thermal-Waterproof-Covering-Multifunction-Headwear/dp/B08P3JBG38/ref=sr_1_51?crid=2CAHDTR5AV0UH&keywords=skII&qid=1665564619&qu=eyJxc2MiOiIzLjYxIiwicXNhIjoiMi45NiIsInFzcCI6IjIuODAifQ%3D%3D&sprefix=skii%2Caps%2C408&sr=8-51,2022-10-12
"DANISH ENDURANCE Merino Wool Performance Ski Socks, Shin Padding, for Men, Women, Kids, 1 Pack","
                    £26.95
                   ","
                      4.4 out of 5 stars
                     ","
                    3,455
                   ",https://www.amazon.com/DANISH-ENDURANCE-Alpine-Performance-Socks/dp/B07HKB1RS2/ref=sr_1_52?crid=2CAHDTR5AV0UH&keywords=skII&qid=1665564619&qu=eyJxc2MiOiIzLjYxIiwicXNhIjoiMi45NiIsInFzcCI6IjIuODAifQ%3D%3D&sprefix=skii%2Caps%2C408&sr=8-52,2022-10-12
"findway Ski Goggles, Skiing Goggles For Snowboard Jet Snow, For Women Men Ladies Youth Teen OTG Over Helmet Compatible, Anti-fog 100% UV Protection, Anti-glare Ski Goggles, For Skiing Snowboarding","
                    £19.99
                   ","
                      4.5 out of 5 stars
                     ","
                    1,258
                   ",https://www.amazon.com/findway-Compatible-Protection-Anti-glare-Snowboarding/dp/B07MVWWZ3X/ref=sr_1_53?crid=2CAHDTR5AV0UH&keywords=skII&qid=1665564619&qu=eyJxc2MiOiIzLjYxIiwicXNhIjoiMi45NiIsInFzcCI6IjIuODAifQ%3D%3D&sprefix=skii%2Caps%2C408&sr=8-53,2022-10-12
"DANISH ENDURANCE Merino Wool Performance Ski Socks, Shin Padding, for Men, Women, Kids, 2 Pack","
                    £37.95
                   ","
                      4.5 out of 5 stars
                     ","
                    827
                   ",https://www.amazon.com/Alpine-Performance-Socks-packs-Multicolour/dp/B07XYZXYCS/ref=sr_1_54?crid=2CAHDTR5AV0UH&keywords=skII&qid=1665564619&qu=eyJxc2MiOiIzLjYxIiwicXNhIjoiMi45NiIsInFzcCI6IjIuODAifQ%3D%3D&sprefix=skii%2Caps%2C408&sr=8-54,2022-10-12
YEKEYI Women Balaclava Hood hat Winter Cashmere Knitted Beanie Hats Ski Mask Ski Cap Outdoor,"
                    £19.99
                   ","
                      3.9 out of 5 stars
                     ","
                    23
                   ",https://www.amazon.com/YEKEYI-Balaclava-Cashmere-Knitted-Outdoor/dp/B08MT6ZZ4F/ref=sr_1_55?crid=2CAHDTR5AV0UH&keywords=skII&qid=1665564619&qu=eyJxc2MiOiIzLjYxIiwicXNhIjoiMi45NiIsInFzcCI6IjIuODAifQ%3D%3D&sprefix=skii%2Caps%2C408&sr=8-55,2022-10-12
GG ST Balaclava Windproof Ski Mask Winter Thermal Fleece Hood Heavyweight Neck Warmer Snood Outdoor Sports Face Covers Hat For Men & Women,"
                    £13.99
                   ","
                      4.3 out of 5 stars
                     ","
                    2,607
                   ",https://www.amazon.com/GG-ST-Balaclava-Windproof-Heavyweight/dp/B07GNTHWN6/ref=sr_1_56?crid=2CAHDTR5AV0UH&keywords=skII&qid=1665564619&qu=eyJxc2MiOiIzLjYxIiwicXNhIjoiMi45NiIsInFzcCI6IjIuODAifQ%3D%3D&sprefix=skii%2Caps%2C408&sr=8-56,2022-10-12
donhobo Men's Fleece Jacket Winter Waterproof Warm Ski Jackets Windproof Coat With Zip Pockets Hood,"
                      £51.98
                     ","
                        4.4 out of 5 stars
                       ","
                      2,559
                     ",https://www.amazon.com/sspa/click?ie=UTF8&spc=MTo3ODAxMjgwNjY5Njk1NjU4OjE2NjU1NjQ2MTk6c3BfYnRmOjIwMDQzMDM2MDk2MjA2OjowOjo&sp_csd=d2lkZ2V0TmFtZT1zcF9idGY&url=%2Fdonhobo-Waterproof-Jackets-Windproof-Pockets%2Fdp%2FB0787PLRXM%2Fref%3Dsr_1_57_sspa%3Fcrid%3D2CAHDTR5AV0UH%26keywords%3DskII%26qid%3D1665564619%26qu%3DeyJxc2MiOiIzLjYxIiwicXNhIjoiMi45NiIsInFzcCI6IjIuODAifQ%253D%253D%26sprefix%3Dskii%252Caps%252C408%26sr%3D8-57-spons%26psc%3D1,2022-10-12
"NIVEA Cellular LUMINOUS 630 Anti-Dark Spot Advanced Treatment Serum (30ml), Face Serum for Women, Facial Serum For Luminous Skin","
                      £10.00
                     ","
                        4.3 out of 5 stars
                       ","
                      520
                     ",https://www.amazon.com/sspa/click?ie=UTF8&spc=MTo3ODAxMjgwNjY5Njk1NjU4OjE2NjU1NjQ2MTk6c3BfYnRmOjIwMDI3OTMzOTI2ODk4OjowOjo&sp_csd=d2lkZ2V0TmFtZT1zcF9idGY&url=%2FNIVEA-Cellular-LUMINOUS-Anti-Dark-Treatment%2Fdp%2FB096R4DM7Y%2Fref%3Dsr_1_58_sspa%3Fcrid%3D2CAHDTR5AV0UH%26keywords%3DskII%26qid%3D1665564619%26qu%3DeyJxc2MiOiIzLjYxIiwicXNhIjoiMi45NiIsInFzcCI6IjIuODAifQ%253D%253D%26smid%3DA3P5ROKL5A1OLE%26sprefix%3Dskii%252Caps%252C408%26sr%3D8-58-spons%26psc%3D1,2022-10-12
"RAYZOR Ski Goggles Snowboard Goggles For Men & Women – OTG Ski Mask with UV400 Protection – Anti-Fog and Shatterproof Skiing Goggles, Anti-Glare Protective Goggles for Men Women Boys & Girls","
                      £21.95
                     ","
                        4.5 out of 5 stars
                       ","
                      869
                     ",https://www.amazon.com/sspa/click?ie=UTF8&spc=MTo3ODAxMjgwNjY5Njk1NjU4OjE2NjU1NjQ2MTk6c3BfYXRmOjIwMDE2NTI2MzAyMzk4OjowOjo&sp_csd=d2lkZ2V0TmFtZT1zcF9hdGY&url=%2FRayzor-Protection-Comfortable-Shatterproof-Snowmobiles%2Fdp%2FB002MQ6LTY%2Fref%3Dsr_1_1_sspa%3Fcrid%3D2CAHDTR5AV0UH%26keywords%3DskII%26qid%3D1665564619%26qu%3DeyJxc2MiOiIzLjYxIiwicXNhIjoiMi45NiIsInFzcCI6IjIuODAifQ%253D%253D%26sprefix%3Dskii%252Caps%252C408%26sr%3D8-1-spons%26psc%3D1,2022-10-12
Handle Double Shoulder Strap Easily 2Pcs Activities Fixing Fixing Belt Skis Strap Power Training Convenient for Family Skiing Activities,"
                      £10.49
                     ",,,https://www.amazon.com/sspa/click?ie=UTF8&spc=MTo3ODAxMjgwNjY5Njk1NjU4OjE2NjU1NjQ2MTk6c3BfYXRmOjIwMDcxMjg1MDcwMjk4OjowOjo&sp_csd=d2lkZ2V0TmFtZT1zcF9hdGY&url=%2FHandle-Shoulder-Activities-Training-Convenient%2Fdp%2FB09285W6B1%2Fref%3Dsr_1_2_sspa%3Fcrid%3D2CAHDTR5AV0UH%26keywords%3DskII%26qid%3D1665564619%26qu%3DeyJxc2MiOiIzLjYxIiwicXNhIjoiMi45NiIsInFzcCI6IjIuODAifQ%253D%253D%26sprefix%3Dskii%252Caps%252C408%26sr%3D8-2-spons%26psc%3D1,2022-10-12
IMIKEYA 6pcs Ski Straps Adjustable Ski Wraps Ties Ski Board Carrier Fastener Tape Colorful Tape Strap Band for Outdoor Skiing,"
                      £13.29
                     ",,,https://www.amazon.com/sspa/click?ie=UTF8&spc=MTo3ODAxMjgwNjY5Njk1NjU4OjE2NjU1NjQ2MTk6c3BfYXRmOjIwMDU5ODYxMzgwNjAxOjowOjo&sp_csd=d2lkZ2V0TmFtZT1zcF9hdGY&url=%2FIMIKEYA-Adjustable-Carrier-Fastener-Colorful%2Fdp%2FB08YQRQ6B7%2Fref%3Dsr_1_3_sspa%3Fcrid%3D2CAHDTR5AV0UH%26keywords%3DskII%26qid%3D1665564619%26qu%3DeyJxc2MiOiIzLjYxIiwicXNhIjoiMi45NiIsInFzcCI6IjIuODAifQ%253D%253D%26sprefix%3Dskii%252Caps%252C408%26sr%3D8-3-spons%26psc%3D1,2022-10-12
"Pinsofy Ski Shoulder Carrier, Power Training Portable Ski and Pole Carrier Strap, Adjustable 43.3in Skiing Skiers Pole for Fixing Ski","
                      £10.18
                     ",,,https://www.amazon.com/sspa/click?ie=UTF8&spc=MTo3ODAxMjgwNjY5Njk1NjU4OjE2NjU1NjQ2MTk6c3BfYXRmOjIwMDQ2NTYyNDczMjAyOjowOjo&sp_csd=d2lkZ2V0TmFtZT1zcF9hdGY&url=%2FPinsofy-Shoulder-Training-Portable-Adjustable%2Fdp%2FB08P93CBQV%2Fref%3Dsr_1_4_sspa%3Fcrid%3D2CAHDTR5AV0UH%26keywords%3DskII%26qid%3D1665564619%26qu%3DeyJxc2MiOiIzLjYxIiwicXNhIjoiMi45NiIsInFzcCI6IjIuODAifQ%253D%253D%26sprefix%3Dskii%252Caps%252C408%26sr%3D8-4-spons%26psc%3D1,2022-10-12
SK-II Facial Treatment Essence Pitera 7.7oz,"
                    £212.00
                   ","
                      4.4 out of 5 stars
                     ","
                    237
                   ",https://www.amazon.com/SK-II-Facial-Treatment-Essence-Pitera/dp/B01M599DYT/ref=sr_1_5?crid=2CAHDTR5AV0UH&keywords=skII&qid=1665564619&qu=eyJxc2MiOiIzLjYxIiwicXNhIjoiMi45NiIsInFzcCI6IjIuODAifQ%3D%3D&sprefix=skii%2Caps%2C408&sr=8-5,2022-10-12
SK-II GENOPTICS Aura Essence 50ml 2016,"
                    £174.95
                   ","
                      4.1 out of 5 stars
                     ","
                    76
                   ",https://www.amazon.com/SK-II-GENOPTICS-AURA-ESSENCE-50ml/dp/B01BF1SC6Q/ref=sr_1_6?crid=2CAHDTR5AV0UH&keywords=skII&qid=1665564619&qu=eyJxc2MiOiIzLjYxIiwicXNhIjoiMi45NiIsInFzcCI6IjIuODAifQ%3D%3D&sprefix=skii%2Caps%2C408&sr=8-6,2022-10-12
SK-II Facial Treatment Gentle Cleanser - 120ml,"
                    £77.00
                   ","
                      4.1 out of 5 stars
                     ","
                    66
                   ",https://www.amazon.com/SK-II-Cleanser-Facial-Treatment/dp/B00ANEU7HY/ref=sr_1_7?crid=2CAHDTR5AV0UH&keywords=skII&qid=1665564619&qu=eyJxc2MiOiIzLjYxIiwicXNhIjoiMi45NiIsInFzcCI6IjIuODAifQ%3D%3D&sprefix=skii%2Caps%2C408&sr=8-7,2022-10-12
SK-II - Facial Treatment Clear Lotion (230ml),"
                    £83.95
                   ","
                      4.4 out of 5 stars
                     ","
                    189
                   ",https://www.amazon.com/SK-II-Facial-Treatment-Clear-Lotion/dp/B06ZZYQXJG/ref=sr_1_8?crid=2CAHDTR5AV0UH&keywords=skII&qid=1665564619&qu=eyJxc2MiOiIzLjYxIiwicXNhIjoiMi45NiIsInFzcCI6IjIuODAifQ%3D%3D&sprefix=skii%2Caps%2C408&sr=8-8,2022-10-12
Facial Treatment Mask SKII 10 Pcs Treatment For Unisex,"
                    £116.68
                   ","
                      4.4 out of 5 stars
                     ","
                    203
                   ",https://www.amazon.com/Facial-Treatment-Mask-SKII-Unisex/dp/B00JDVP18S/ref=sr_1_9?crid=2CAHDTR5AV0UH&keywords=skII&qid=1665564619&qu=eyJxc2MiOiIzLjYxIiwicXNhIjoiMi45NiIsInFzcCI6IjIuODAifQ%3D%3D&sprefix=skii%2Caps%2C408&sr=8-9,2022-10-12
SK II Facial Treatment Essence 230ml,"
                    £177.21
                   ","
                      4.3 out of 5 stars
                     ","
                    526
                   ",https://www.amazon.com/SK-Facial-Treatment-Essence-230ml/dp/B01296JRMO/ref=sr_1_10?crid=2CAHDTR5AV0UH&keywords=skII&qid=1665564619&qu=eyJxc2MiOiIzLjYxIiwicXNhIjoiMi45NiIsInFzcCI6IjIuODAifQ%3D%3D&sprefix=skii%2Caps%2C408&sr=8-10,2022-10-12
SK-II R.N.A Power Radical New Age Eye Cream 0.5oz,"
                    £99.98
                   ","
                      4.0 out of 5 stars
                     ","
                    121
                   ",https://www.amazon.com/SK-II-Power-Radical-Cream-0-5oz/dp/B0716JS4KX/ref=sr_1_11?crid=2CAHDTR5AV0UH&keywords=skII&qid=1665564619&qu=eyJxc2MiOiIzLjYxIiwicXNhIjoiMi45NiIsInFzcCI6IjIuODAifQ%3D%3D&sprefix=skii%2Caps%2C408&sr=8-11,2022-10-12
DREAM PAIRS Womens Outdoor Snow Boots Ladies Winter Boot Waterproof Lightweight Warm Fashion Shoes,"
                    £34.99
                   ","
                      5.0 out of 5 stars
                     ","
                    1
                   ",https://www.amazon.com/DREAM-PAIRS-Waterproof-Lightweight-SDSB2213W/dp/B09ZLGYNR7/ref=sr_1_12?crid=2CAHDTR5AV0UH&keywords=skII&qid=1665564619&qu=eyJxc2MiOiIzLjYxIiwicXNhIjoiMi45NiIsInFzcCI6IjIuODAifQ%3D%3D&sprefix=skii%2Caps%2C408&sr=8-12,2022-10-12
"Morrisons Chocolate Mousse 6 Pots, 360 g","
                    £1.25
                   ","
                      4.4 out of 5 stars
                     ","
                    702
                   ",https://www.amazon.com/Morrisons-Chocolate-Mousse-60g-pots/dp/B01AWH2NJ6/ref=sr_1_13_f3_0o_morri?crid=2CAHDTR5AV0UH&keywords=skII&qid=1665564619&qu=eyJxc2MiOiIzLjYxIiwicXNhIjoiMi45NiIsInFzcCI6IjIuODAifQ%3D%3D&sprefix=skii%2Caps%2C408&sr=8-13,2022-10-12
"Paula's Choice Skin Perfecting 2% BHA Liquid Exfoliant - Face Exfoliating Peel Fights Blackheads, Breakouts & Enlarged Pores - with Salicylic Acid - Combination, Oily & Acne Prone Skin - 118 ml","
                    £33.00
                   ","
                      4.5 out of 5 stars
                     ","
                    13,124
                   ",https://www.amazon.com/Paulas-Choice-Perfecting-Liquid-Exfoliant/dp/B07PCSNFLP/ref=sr_1_14?crid=2CAHDTR5AV0UH&keywords=skII&qid=1665564619&qu=eyJxc2MiOiIzLjYxIiwicXNhIjoiMi45NiIsInFzcCI6IjIuODAifQ%3D%3D&sprefix=skii%2Caps%2C408&sr=8-14,2022-10-12
MEDIHEAL Official [Korea's No 1 Sheet Mask] - Collagen Essential Lifting & Firming Mask (5 Masks),"
                    £11.05
                   ","
                      4.6 out of 5 stars
                     ","
                    1,392
                   ",https://www.amazon.com/MEDIHEAL-Official-Koreas-Sheet-Mask/dp/B07T32XPCW/ref=sr_1_15?crid=2CAHDTR5AV0UH&keywords=skII&qid=1665564619&qu=eyJxc2MiOiIzLjYxIiwicXNhIjoiMi45NiIsInFzcCI6IjIuODAifQ%3D%3D&sprefix=skii%2Caps%2C408&sr=8-15,2022-10-12
"OutdoorMaster Ski Goggles PRO - Frameless, Interchangeable Lens 100% UV400 Protection Snow Goggles for Men & Women","
                    £37.99
                   ","
                      4.6 out of 5 stars
                     ","
                    7,834
                   ",https://www.amazon.com/OutdoorMaster-Ski-Goggles-PRO-Interchangeable/dp/B014XKTFI0/ref=sr_1_16?crid=2CAHDTR5AV0UH&keywords=skII&qid=1665564619&qu=eyJxc2MiOiIzLjYxIiwicXNhIjoiMi45NiIsInFzcCI6IjIuODAifQ%3D%3D&sprefix=skii%2Caps%2C408&sr=8-16,2022-10-12
Retinol Moisturizer for Face (120ml) – Anti Ageing Face Cream Reduces Scars Ance and Wrinkles with Hyaluronic Acid and Vitamin E,"
                    £18.88
                   ","
                      4.2 out of 5 stars
                     ","
                    7,345
                   ",https://www.amazon.com/2-5-Retinol-Moisturizer-Face-120ml/dp/B017XZVYMC/ref=sr_1_17?crid=2CAHDTR5AV0UH&keywords=skII&qid=1665564619&qu=eyJxc2MiOiIzLjYxIiwicXNhIjoiMi45NiIsInFzcCI6IjIuODAifQ%3D%3D&sprefix=skii%2Caps%2C408&sr=8-17,2022-10-12
Skinfood Facial Mask Rice Wash Off - 3.52 Oz,"
                    £13.00
                   ","
                      4.4 out of 5 stars
                     ","
                    127
                   ",https://www.amazon.com/Skin-food-Rice-Mask-Ounce/dp/B004FKNYWW/ref=sr_1_18?crid=2CAHDTR5AV0UH&keywords=skII&qid=1665564619&qu=eyJxc2MiOiIzLjYxIiwicXNhIjoiMi45NiIsInFzcCI6IjIuODAifQ%3D%3D&sprefix=skii%2Caps%2C408&sr=8-18,2022-10-12
Balaclava Ski Mask for Men Women Face Mask for Cold Weather Winter Windproof Outdoors in Winter Neck Warmer Multifunctional Sports Cold Weather Gear,"
                    £12.88
                   ","
                      4.1 out of 5 stars
                     ","
                    1,748
                   ",https://www.amazon.com/Balaclava-Windproof-Motorcycle-Multifunctional-Snowboard/dp/B0756RNPR8/ref=sr_1_19?crid=2CAHDTR5AV0UH&keywords=skII&qid=1665564619&qu=eyJxc2MiOiIzLjYxIiwicXNhIjoiMi45NiIsInFzcCI6IjIuODAifQ%3D%3D&sprefix=skii%2Caps%2C408&sr=8-19,2022-10-12
"SLOPE WARRIOR Cosmic Rider Merino Wool Alpine Performance Socks, for Men, Women, Shin Padding, Fast Drying, Warm, Knee High Thermal Socks for Ski, Snowboarding and Mountaineering","
                    £18.60
                   ","
                      4.1 out of 5 stars
                     ","
                    4
                   ",https://www.amazon.com/SLOPE-WARRIOR-Cosmic-Rider-High-Performance/dp/B07SX7RL28/ref=sr_1_20?crid=2CAHDTR5AV0UH&keywords=skII&qid=1665564619&qu=eyJxc2MiOiIzLjYxIiwicXNhIjoiMi45NiIsInFzcCI6IjIuODAifQ%3D%3D&sprefix=skii%2Caps%2C408&sr=8-20,2022-10-12
NORTIV 8 Men's 170410 Insulated Waterproof Construction Hiking Winter Snow Boots,"
                    £46.99
                   ","
                      4.4 out of 5 stars
                     ","
                    4,198
                   ",https://www.amazon.com/NORTIV-170410-Waterproof-Winter-Boots/dp/B07FS7B753/ref=sr_1_21?crid=2CAHDTR5AV0UH&keywords=skII&qid=1665564619&qu=eyJxc2MiOiIzLjYxIiwicXNhIjoiMi45NiIsInFzcCI6IjIuODAifQ%3D%3D&sprefix=skii%2Caps%2C408&sr=8-21,2022-10-12
"Snowledge Ski Snowboard Goggles with UV400 Protection, Skiing Snowboarding Goggles of Dual Lens with Anti Fog for Men, Women,Helmet Compatible","
                    £27.99
                   ","
                      4.5 out of 5 stars
                     ","
                    782
                   ",https://www.amazon.com/Snowledge-Snowboard-Goggles-Protection-Compatible/dp/B07GQN2PJ4/ref=sr_1_22?crid=2CAHDTR5AV0UH&keywords=skII&qid=1665564619&qu=eyJxc2MiOiIzLjYxIiwicXNhIjoiMi45NiIsInFzcCI6IjIuODAifQ%3D%3D&sprefix=skii%2Caps%2C408&sr=8-22,2022-10-12
"Merino Wool Ski Socks, Cold Weather Knee-High Thermal Socks for Winter, Snow, Snowboarding, Hiking","
                    £22.31
                   ","
                      4.7 out of 5 stars
                     ","
                    122
                   ",https://www.amazon.com/Merino-Weather-Knee-High-Thermal-Snowboarding/dp/B09M3HCSGS/ref=sr_1_23?crid=2CAHDTR5AV0UH&keywords=skII&qid=1665564619&qu=eyJxc2MiOiIzLjYxIiwicXNhIjoiMi45NiIsInFzcCI6IjIuODAifQ%3D%3D&sprefix=skii%2Caps%2C408&sr=8-23,2022-10-12
OutdoorMaster Ski Goggles PRO Replacement Lens,"
                    £27.99
                   ","
                      4.6 out of 5 stars
                     ","
                    2,372
                   ",https://www.amazon.com/OutdoorMaster-Ski-Goggles-Replacement-Lens/dp/B074JY1NHC/ref=sr_1_24?crid=2CAHDTR5AV0UH&keywords=skII&qid=1665564619&qu=eyJxc2MiOiIzLjYxIiwicXNhIjoiMi45NiIsInFzcCI6IjIuODAifQ%3D%3D&sprefix=skii%2Caps%2C408&sr=8-24,2022-10-12
"Merino Wool Socks High Performance Compression Ski Socks Mens and Women Thermal Knee High Socks, 2 Pairs","
                    £25.99
                   ","
                      4.4 out of 5 stars
                     ","
                    39
                   ",https://www.amazon.com/Merino-Performance-Compression-Socks-Thermal/dp/B09MD5RHY3/ref=sr_1_25?crid=2CAHDTR5AV0UH&keywords=skII&qid=1665564619&qu=eyJxc2MiOiIzLjYxIiwicXNhIjoiMi45NiIsInFzcCI6IjIuODAifQ%3D%3D&sprefix=skii%2Caps%2C408&sr=8-25,2022-10-12
DREAM PAIRS Women’s Waterproof Wellington Duck Rain Boots Outdoor Ankle Low Heel Snow Boots Ladies Originals Lace-up Winter Boots,"
                    £29.99
                   ","
                      5.0 out of 5 stars
                     ","
                    1
                   ",https://www.amazon.com/DREAM-PAIRS-Originals-Waterproof-SDSB2211W-1/dp/B09ZLGFH4D/ref=sr_1_26?crid=2CAHDTR5AV0UH&keywords=skII&qid=1665564619&qu=eyJxc2MiOiIzLjYxIiwicXNhIjoiMi45NiIsInFzcCI6IjIuODAifQ%3D%3D&sprefix=skii%2Caps%2C408&sr=8-26,2022-10-12
"RAYZOR Ski Goggles Snowboard Goggles For Men & Women – OTG Ski Mask with UV400 Protection – Anti-Fog and Shatterproof Skiing Goggles, Anti-Glare Protective Goggles for Men Women Boys & Girls","
                    £21.95
                   ","
                      4.5 out of 5 stars
                     ","
                    869
                   ",https://www.amazon.com/Rayzor-Protection-Comfortable-Shatterproof-Snowmobiles/dp/B002MQ6LTY/ref=sr_1_27?crid=2CAHDTR5AV0UH&keywords=skII&qid=1665564619&qu=eyJxc2MiOiIzLjYxIiwicXNhIjoiMi45NiIsInFzcCI6IjIuODAifQ%3D%3D&sprefix=skii%2Caps%2C408&sr=8-27,2022-10-12
5 Pairs Mens High Performance Thermal Ski Socks - Multicoloured - Mens UK Size 6-11 (EU 39-45),"
                    £11.95
                   ","
                      4.3 out of 5 stars
                     ","
                    363
                   ",https://www.amazon.com/SX167-6-11-Mens-Socks-Pack-6-11/dp/B08M3QKF95/ref=sr_1_28?crid=2CAHDTR5AV0UH&keywords=skII&qid=1665564619&qu=eyJxc2MiOiIzLjYxIiwicXNhIjoiMi45NiIsInFzcCI6IjIuODAifQ%3D%3D&sprefix=skii%2Caps%2C408&sr=8-28,2022-10-12
"SPOSUNE OTG Ski Goggles - Over Glasses Snow Snowboard Goggle with Anti fog Dual lens for Men Women Youth Kids Skiing Skating Snowmobile, Windproof UV400 Protection Winter Sports Protective Glasses","
                    £25.99
                   ","
                      4.6 out of 5 stars
                     ","
                    705
                   ",https://www.amazon.com/SPOSUNE-Protection-Spherical-Snowboard-Compatible/dp/B07WP2LSLR/ref=sr_1_29?crid=2CAHDTR5AV0UH&keywords=skII&qid=1665564619&qu=eyJxc2MiOiIzLjYxIiwicXNhIjoiMi45NiIsInFzcCI6IjIuODAifQ%3D%3D&sprefix=skii%2Caps%2C408&sr=8-29,2022-10-12
SAITAG Balaclava Ski Mask Warm Face Mask for Cold Weather Winter Skiing Snowboarding Motorcycling Ice Fishing Men,"
                    £17.59
                   ","
                      4.6 out of 5 stars
                     ","
                    364
                   ",https://www.amazon.com/SAITAG-Balaclava-Weather-Snowboarding-Motorcycling/dp/B09D2VX1F6/ref=sr_1_30?crid=2CAHDTR5AV0UH&keywords=skII&qid=1665564619&qu=eyJxc2MiOiIzLjYxIiwicXNhIjoiMi45NiIsInFzcCI6IjIuODAifQ%3D%3D&sprefix=skii%2Caps%2C408&sr=8-30,2022-10-12
"2 Pairs Men's Wool Socks, 80% Merino, Hiking Walking Thermal Athletic Socks for Winter Outdoor Recreation Trekking Climbing(UK M-L)","
                    £11.99
                   ","
                      4.4 out of 5 stars
                     ","
                    513
                   ",https://www.amazon.com/Walking-Athletic-Recreation-Trekking-Climbing/dp/B07XGK6VDJ/ref=sr_1_31?crid=2CAHDTR5AV0UH&keywords=skII&qid=1665564619&qu=eyJxc2MiOiIzLjYxIiwicXNhIjoiMi45NiIsInFzcCI6IjIuODAifQ%3D%3D&sprefix=skii%2Caps%2C408&sr=8-31,2022-10-12
"Mountain Warehouse Kids Ski Jacket & Trousers Set - Snowproof Ski Outfit, Front Pockets, Fleece Lined Skiwear, Integrated Snowskirt - Best for Winter Snowboarding","
                    £59.99
                   ","
                      4.6 out of 5 stars
                     ","
                    1,423
                   ",https://www.amazon.com/Mountain-Warehouse-Kids-Jacket-Trousers/dp/B08SKQJ5R6/ref=sr_1_32?crid=2CAHDTR5AV0UH&keywords=skII&qid=1665564619&qu=eyJxc2MiOiIzLjYxIiwicXNhIjoiMi45NiIsInFzcCI6IjIuODAifQ%3D%3D&sprefix=skii%2Caps%2C408&sr=8-32,2022-10-12
"DANISH ENDURANCE Merino Wool Performance Ski Socks, Shin Padding, for Men, Women, Kids, 1 Pack","
                      £26.95
                     ","
                        4.4 out of 5 stars
                       ","
                      3,455
                     ",https://www.amazon.com/sspa/click?ie=UTF8&spc=MTo3ODAxMjgwNjY5Njk1NjU4OjE2NjU1NjQ2MTk6c3BfbXRmOjIwMDcwNDgxMjAzMTA4OjowOjo&sp_csd=d2lkZ2V0TmFtZT1zcF9tdGY&url=%2FDANISH-ENDURANCE-Alpine-Performance-Yellow%2Fdp%2FB07G4BYKTC%2Fref%3Dsr_1_33_sspa%3Fcrid%3D2CAHDTR5AV0UH%26keywords%3DskII%26qid%3D1665564619%26qu%3DeyJxc2MiOiIzLjYxIiwicXNhIjoiMi45NiIsInFzcCI6IjIuODAifQ%253D%253D%26sprefix%3Dskii%252Caps%252C408%26sr%3D8-33-spons%26psc%3D1,2022-10-12
AKSIUM ACCESS,"
                      £38.96
                     ","
                        4.5 out of 5 stars
                       ","
                      656
                     ",https://www.amazon.com/sspa/click?ie=UTF8&spc=MTo3ODAxMjgwNjY5Njk1NjU4OjE2NjU1NjQ2MTk6c3BfbXRmOjIwMDgxNTY2OTkzNTk4OjowOjo&sp_csd=d2lkZ2V0TmFtZT1zcF9tdGY&url=%2FSalomon-Aksium-Goggles-Universal-L40846100%2Fdp%2FB07WKN59J7%2Fref%3Dsr_1_34_sspa%3Fcrid%3D2CAHDTR5AV0UH%26keywords%3DskII%26qid%3D1665564619%26qu%3DeyJxc2MiOiIzLjYxIiwicXNhIjoiMi45NiIsInFzcCI6IjIuODAifQ%253D%253D%26sprefix%3Dskii%252Caps%252C408%26sr%3D8-34-spons%26psc%3D1,2022-10-12
"JVR Blackhead Remover Mask for Men, Bamboo Charcoal Peel Off Black Mask, Purifying & Deep Cleansing for All Skin Types 120g","
                      £9.99
                     ","
                        4.0 out of 5 stars
                       ","
                      504
                     ",https://www.amazon.com/sspa/click?ie=UTF8&spc=MTo3ODAxMjgwNjY5Njk1NjU4OjE2NjU1NjQ2MTk6c3BfbXRmOjIwMDc2NTczMzAyMzk4OjowOjo&sp_csd=d2lkZ2V0TmFtZT1zcF9tdGY&url=%2FJVR-Blackhead-Charcoal-Purifying-Cleansing%2Fdp%2FB087JBPNT5%2Fref%3Dsr_1_35_sspa%3Fcrid%3D2CAHDTR5AV0UH%26keywords%3DskII%26qid%3D1665564619%26qu%3DeyJxc2MiOiIzLjYxIiwicXNhIjoiMi45NiIsInFzcCI6IjIuODAifQ%253D%253D%26sprefix%3Dskii%252Caps%252C408%26sr%3D8-35-spons%26psc%3D1,2022-10-12
REN Clean Skincare Supersize Overnight Recovery Balm 50ml,"
                      £49.00
                     ",,"
                     (£98.00/100 ml)
                    ",https://www.amazon.com/sspa/click?ie=UTF8&spc=MTo3ODAxMjgwNjY5Njk1NjU4OjE2NjU1NjQ2MTk6c3BfbXRmOjIwMDY4Mjg2NjY1ODk4OjowOjo&sp_csd=d2lkZ2V0TmFtZT1zcF9tdGY&url=%2FREN-Clean-Skincare-Supersize-Overnight%2Fdp%2FB09NQFPQ4N%2Fref%3Dsr_1_36_sspa%3Fcrid%3D2CAHDTR5AV0UH%26keywords%3DskII%26qid%3D1665564619%26qu%3DeyJxc2MiOiIzLjYxIiwicXNhIjoiMi45NiIsInFzcCI6IjIuODAifQ%253D%253D%26smid%3DA3P5ROKL5A1OLE%26sprefix%3Dskii%252Caps%252C408%26sr%3D8-36-spons%26psc%3D1,2022-10-12
Blulu Ski Mask Winter Balaclava Ski Mask Warm Full Face Ski Mask Thermal Men Ski Mask 3 Hole Knit Face Mask for Outdoor Sports,"
                    £7.59
                   ","
                      3.9 out of 5 stars
                     ","
                    92
                   ",https://www.amazon.com/Winter-Balaclava-Thermal-3-Hole-Outdoor/dp/B09J16SXYJ/ref=sr_1_37?crid=2CAHDTR5AV0UH&keywords=skII&qid=1665564619&qu=eyJxc2MiOiIzLjYxIiwicXNhIjoiMi45NiIsInFzcCI6IjIuODAifQ%3D%3D&sprefix=skii%2Caps%2C408&sr=8-37,2022-10-12
"coskefy Thermal Gloves, -20℉ Coldproof Touchscreen Ski Gloves Waterproof Winter Gloves 3M Thinsulate Snow Gloves for Walking Snowboarding Hiking Outdoor","
                    £11.04
                   ","
                      4.5 out of 5 stars
                     ","
                    1,967
                   ",https://www.amazon.com/coskefy-Thermal-Thinsulate-Touchscreen-Snowboarding/dp/B07HGQMK4H/ref=sr_1_38?crid=2CAHDTR5AV0UH&keywords=skII&qid=1665564619&qu=eyJxc2MiOiIzLjYxIiwicXNhIjoiMi45NiIsInFzcCI6IjIuODAifQ%3D%3D&smid=A3PNIR7C4EEUQS&sprefix=skii%2Caps%2C408&sr=8-38,2022-10-12
BODY ARMOUR CE MOTORBIKE/MOTORCYCLE/MOTOCROSS SKIING SKATING SNOW BOARD IMPACT PADDED SPINE GUARD PROTECTIVE SUIT (M),"
                    £49.99
                   ","
                      3.5 out of 5 stars
                     ","
                    8
                   ",https://www.amazon.com/ARMOUR-MOTORBIKE-MOTORCYCLE-MOTOCROSS-PROTECTIVE/dp/B07DCFMPB3/ref=sr_1_39?crid=2CAHDTR5AV0UH&keywords=skII&qid=1665564619&qu=eyJxc2MiOiIzLjYxIiwicXNhIjoiMi45NiIsInFzcCI6IjIuODAifQ%3D%3D&sprefix=skii%2Caps%2C408&sr=8-39,2022-10-12
4 Pairs of Mens High Performance Thermal Ski Socks-Assorted-UK 6 - 11 ( Eur 39 - 45 ),"
                    £12.95
                   ","
                      4.5 out of 5 stars
                     ","
                    4,028
                   ",https://www.amazon.com/Pairs-Mens-Performance-Thermal-Socks-Assorted-UK/dp/B01N59WFGI/ref=sr_1_40?crid=2CAHDTR5AV0UH&keywords=skII&qid=1665564619&qu=eyJxc2MiOiIzLjYxIiwicXNhIjoiMi45NiIsInFzcCI6IjIuODAifQ%3D%3D&sprefix=skii%2Caps%2C408&sr=8-40,2022-10-12
Sakkas Booker Cashmere Feel Solid Colored Unisex Winter Scarf With Fringe,"
                    £12.99
                   ","
                      4.4 out of 5 stars
                     ","
                    443
                   ",https://www.amazon.com/Sakkas-1590-Booker-Cashmere-Colored/dp/B07CP2KVM9/ref=sr_1_42?crid=2CAHDTR5AV0UH&keywords=skII&qid=1665564619&qu=eyJxc2MiOiIzLjYxIiwicXNhIjoiMi45NiIsInFzcCI6IjIuODAifQ%3D%3D&sprefix=skii%2Caps%2C408&sr=8-42,2022-10-12
"L'Oréal Paris Perfect Golden Age Re-Activating Essence, 125ml","
                    £16.99
                   ","
                      4.5 out of 5 stars
                     ","
                    631
                   ",https://www.amazon.com/LOr%C3%A9al-Perfect-Golden-Re-Activating-Essence/dp/B01AIPJ4A8/ref=sr_1_43?crid=2CAHDTR5AV0UH&keywords=skII&qid=1665564619&qu=eyJxc2MiOiIzLjYxIiwicXNhIjoiMi45NiIsInFzcCI6IjIuODAifQ%3D%3D&sprefix=skii%2Caps%2C408&sr=8-43,2022-10-12
donhobo Men's Fleece Jacket Winter Waterproof Warm Ski Jackets Windproof Coat With Zip Pockets Hood,"
                    £51.98
                   ","
                      4.4 out of 5 stars
                     ","
                    2,559
                   ",https://www.amazon.com/donhobo-Waterproof-Jackets-Windproof-Pockets/dp/B0787PLRXM/ref=sr_1_44?crid=2CAHDTR5AV0UH&keywords=skII&qid=1665564619&qu=eyJxc2MiOiIzLjYxIiwicXNhIjoiMi45NiIsInFzcCI6IjIuODAifQ%3D%3D&sprefix=skii%2Caps%2C408&sr=8-44,2022-10-12
Sock Stack 4 Pairs Of Mens Performance Ski Sock Long Thermal Heat Pro Winter Cushioned Arch Support Snowboard Socks With Full Terry Socks UK Size 6-11,"
                    £9.95
                   ","
                      4.2 out of 5 stars
                     ","
                    223
                   ",https://www.amazon.com/Sock-Stack-Performance-Cushioned-Snowboard/dp/B07YRXCDVJ/ref=sr_1_45?crid=2CAHDTR5AV0UH&keywords=skII&qid=1665564619&qu=eyJxc2MiOiIzLjYxIiwicXNhIjoiMi45NiIsInFzcCI6IjIuODAifQ%3D%3D&sprefix=skii%2Caps%2C408&sr=8-45,2022-10-12
DREAM PAIRS Boys Girls Faux Fur Lined Winter Snow Boots (Toddler/Little Kid/Big Kid) Shorty-K,"
                    £29.99
                   ","
                      4.6 out of 5 stars
                     ","
                    6,149
                   ",https://www.amazon.com/Dream-Shorty-K-Chesnut-Sheepskin-Winter/dp/B07MZSY43Q/ref=sr_1_46?crid=2CAHDTR5AV0UH&keywords=skII&qid=1665564619&qu=eyJxc2MiOiIzLjYxIiwicXNhIjoiMi45NiIsInFzcCI6IjIuODAifQ%3D%3D&sprefix=skii%2Caps%2C408&sr=8-46,2022-10-12
"SECRET KEY Starting Treatment Essence Rose Edition 5.07 fl.oz. (150ml) - 94% Galactonyces Fermented Filtrate & Rose Flower Water, Anti-Wrikle & Moisturizing First Step Skin Care Essence, Paraben Free","
                    £23.95
                   ","
                      4.6 out of 5 stars
                     ","
                    206
                   ",https://www.amazon.com/Secret-Key-Starting-Treatment-Essence_Rose/dp/B01HCH690S/ref=sr_1_47?crid=2CAHDTR5AV0UH&keywords=skII&qid=1665564619&qu=eyJxc2MiOiIzLjYxIiwicXNhIjoiMi45NiIsInFzcCI6IjIuODAifQ%3D%3D&sprefix=skii%2Caps%2C408&sr=8-47,2022-10-12
4 Pairs High Performance Ladies Ski Socks Long Hose Thermal Socks-Assorted-UK 4 - 7,"
                    £12.95
                   ","
                      4.5 out of 5 stars
                     ","
                    2,891
                   ",https://www.amazon.com/Pairs-Performance-Ladies-Thermal-Socks-Assorted-UK/dp/B01N5MCB4M/ref=sr_1_48?crid=2CAHDTR5AV0UH&keywords=skII&qid=1665564619&qu=eyJxc2MiOiIzLjYxIiwicXNhIjoiMi45NiIsInFzcCI6IjIuODAifQ%3D%3D&sprefix=skii%2Caps%2C408&sr=8-48,2022-10-12
"Odoland OTG Ski Goggles Set with Detachable Lens, Frameless Interchangeable Magnetic Lens for Skiing Skating Snowboard, Anti-Fog and UV400 Protection Snow Goggles for Men and Women","
                    £39.99
                   ","
                      4.6 out of 5 stars
                     ","
                    492
                   ",https://www.amazon.com/Odoland-Detachable-Interchangeable-Snowmobiles-Protection/dp/B08CGZMM1C/ref=sr_1_50?crid=2CAHDTR5AV0UH&keywords=skII&qid=1665564619&qu=eyJxc2MiOiIzLjYxIiwicXNhIjoiMi45NiIsInFzcCI6IjIuODAifQ%3D%3D&sprefix=skii%2Caps%2C408&sr=8-50,2022-10-12
"Winter Neck Warmer Neck Gaiter Ski Snood for Men with Thermal Fleece Waterproof Fabric, Face Covering Multifunction Headwear Elastic Tube Face Scarf Face Shield for Sports Cycling Skiing, Running","
                    £8.99
                   ","
                      4.4 out of 5 stars
                     ","
                    607
                   ",https://www.amazon.com/Thermal-Waterproof-Covering-Multifunction-Headwear/dp/B08P3JBG38/ref=sr_1_51?crid=2CAHDTR5AV0UH&keywords=skII&qid=1665564619&qu=eyJxc2MiOiIzLjYxIiwicXNhIjoiMi45NiIsInFzcCI6IjIuODAifQ%3D%3D&sprefix=skii%2Caps%2C408&sr=8-51,2022-10-12
"DANISH ENDURANCE Merino Wool Performance Ski Socks, Shin Padding, for Men, Women, Kids, 1 Pack","
                    £26.95
                   ","
                      4.4 out of 5 stars
                     ","
                    3,455
                   ",https://www.amazon.com/DANISH-ENDURANCE-Alpine-Performance-Socks/dp/B07HKB1RS2/ref=sr_1_52?crid=2CAHDTR5AV0UH&keywords=skII&qid=1665564619&qu=eyJxc2MiOiIzLjYxIiwicXNhIjoiMi45NiIsInFzcCI6IjIuODAifQ%3D%3D&sprefix=skii%2Caps%2C408&sr=8-52,2022-10-12
"findway Ski Goggles, Skiing Goggles For Snowboard Jet Snow, For Women Men Ladies Youth Teen OTG Over Helmet Compatible, Anti-fog 100% UV Protection, Anti-glare Ski Goggles, For Skiing Snowboarding","
                    £19.99
                   ","
                      4.5 out of 5 stars
                     ","
                    1,258
                   ",https://www.amazon.com/findway-Compatible-Protection-Anti-glare-Snowboarding/dp/B07MVWWZ3X/ref=sr_1_53?crid=2CAHDTR5AV0UH&keywords=skII&qid=1665564619&qu=eyJxc2MiOiIzLjYxIiwicXNhIjoiMi45NiIsInFzcCI6IjIuODAifQ%3D%3D&sprefix=skii%2Caps%2C408&sr=8-53,2022-10-12
"DANISH ENDURANCE Merino Wool Performance Ski Socks, Shin Padding, for Men, Women, Kids, 2 Pack","
                    £37.95
                   ","
                      4.5 out of 5 stars
                     ","
                    827
                   ",https://www.amazon.com/Alpine-Performance-Socks-packs-Multicolour/dp/B07XYZXYCS/ref=sr_1_54?crid=2CAHDTR5AV0UH&keywords=skII&qid=1665564619&qu=eyJxc2MiOiIzLjYxIiwicXNhIjoiMi45NiIsInFzcCI6IjIuODAifQ%3D%3D&sprefix=skii%2Caps%2C408&sr=8-54,2022-10-12
YEKEYI Women Balaclava Hood hat Winter Cashmere Knitted Beanie Hats Ski Mask Ski Cap Outdoor,"
                    £19.99
                   ","
                      3.9 out of 5 stars
                     ","
                    23
                   ",https://www.amazon.com/YEKEYI-Balaclava-Cashmere-Knitted-Outdoor/dp/B08MT6ZZ4F/ref=sr_1_55?crid=2CAHDTR5AV0UH&keywords=skII&qid=1665564619&qu=eyJxc2MiOiIzLjYxIiwicXNhIjoiMi45NiIsInFzcCI6IjIuODAifQ%3D%3D&sprefix=skii%2Caps%2C408&sr=8-55,2022-10-12
GG ST Balaclava Windproof Ski Mask Winter Thermal Fleece Hood Heavyweight Neck Warmer Snood Outdoor Sports Face Covers Hat For Men & Women,"
                    £13.99
                   ","
                      4.3 out of 5 stars
                     ","
                    2,607
                   ",https://www.amazon.com/GG-ST-Balaclava-Windproof-Heavyweight/dp/B07GNTHWN6/ref=sr_1_56?crid=2CAHDTR5AV0UH&keywords=skII&qid=1665564619&qu=eyJxc2MiOiIzLjYxIiwicXNhIjoiMi45NiIsInFzcCI6IjIuODAifQ%3D%3D&sprefix=skii%2Caps%2C408&sr=8-56,2022-10-12
donhobo Men's Fleece Jacket Winter Waterproof Warm Ski Jackets Windproof Coat With Zip Pockets Hood,"
                      £51.98
                     ","
                        4.4 out of 5 stars
                       ","
                      2,559
                     ",https://www.amazon.com/sspa/click?ie=UTF8&spc=MTo3ODAxMjgwNjY5Njk1NjU4OjE2NjU1NjQ2MTk6c3BfYnRmOjIwMDQzMDM2MDk2MjA2OjowOjo&sp_csd=d2lkZ2V0TmFtZT1zcF9idGY&url=%2Fdonhobo-Waterproof-Jackets-Windproof-Pockets%2Fdp%2FB0787PLRXM%2Fref%3Dsr_1_57_sspa%3Fcrid%3D2CAHDTR5AV0UH%26keywords%3DskII%26qid%3D1665564619%26qu%3DeyJxc2MiOiIzLjYxIiwicXNhIjoiMi45NiIsInFzcCI6IjIuODAifQ%253D%253D%26sprefix%3Dskii%252Caps%252C408%26sr%3D8-57-spons%26psc%3D1,2022-10-12
"NIVEA Cellular LUMINOUS 630 Anti-Dark Spot Advanced Treatment Serum (30ml), Face Serum for Women, Facial Serum For Luminous Skin","
                      £10.00
                     ","
                        4.3 out of 5 stars
                       ","
                      520
                     ",https://www.amazon.com/sspa/click?ie=UTF8&spc=MTo3ODAxMjgwNjY5Njk1NjU4OjE2NjU1NjQ2MTk6c3BfYnRmOjIwMDI3OTMzOTI2ODk4OjowOjo&sp_csd=d2lkZ2V0TmFtZT1zcF9idGY&url=%2FNIVEA-Cellular-LUMINOUS-Anti-Dark-Treatment%2Fdp%2FB096R4DM7Y%2Fref%3Dsr_1_58_sspa%3Fcrid%3D2CAHDTR5AV0UH%26keywords%3DskII%26qid%3D1665564619%26qu%3DeyJxc2MiOiIzLjYxIiwicXNhIjoiMi45NiIsInFzcCI6IjIuODAifQ%253D%253D%26smid%3DA3P5ROKL5A1OLE%26sprefix%3Dskii%252Caps%252C408%26sr%3D8-58-spons%26psc%3D1,2022-10-12
"RAYZOR Ski Goggles Snowboard Goggles For Men & Women – OTG Ski Mask with UV400 Protection – Anti-Fog and Shatterproof Skiing Goggles, Anti-Glare Protective Goggles for Men Women Boys & Girls","
                      £21.95
                     ","
                        4.5 out of 5 stars
                       ","
                      869
                     ",https://www.amazon.com/sspa/click?ie=UTF8&spc=MTo3ODAxMjgwNjY5Njk1NjU4OjE2NjU1NjQ2MTk6c3BfYXRmOjIwMDE2NTI2MzAyMzk4OjowOjo&sp_csd=d2lkZ2V0TmFtZT1zcF9hdGY&url=%2FRayzor-Protection-Comfortable-Shatterproof-Snowmobiles%2Fdp%2FB002MQ6LTY%2Fref%3Dsr_1_1_sspa%3Fcrid%3D2CAHDTR5AV0UH%26keywords%3DskII%26qid%3D1665564619%26qu%3DeyJxc2MiOiIzLjYxIiwicXNhIjoiMi45NiIsInFzcCI6IjIuODAifQ%253D%253D%26sprefix%3Dskii%252Caps%252C408%26sr%3D8-1-spons%26psc%3D1,2022-10-12
Handle Double Shoulder Strap Easily 2Pcs Activities Fixing Fixing Belt Skis Strap Power Training Convenient for Family Skiing Activities,"
                      £10.49
                     ",,,https://www.amazon.com/sspa/click?ie=UTF8&spc=MTo3ODAxMjgwNjY5Njk1NjU4OjE2NjU1NjQ2MTk6c3BfYXRmOjIwMDcxMjg1MDcwMjk4OjowOjo&sp_csd=d2lkZ2V0TmFtZT1zcF9hdGY&url=%2FHandle-Shoulder-Activities-Training-Convenient%2Fdp%2FB09285W6B1%2Fref%3Dsr_1_2_sspa%3Fcrid%3D2CAHDTR5AV0UH%26keywords%3DskII%26qid%3D1665564619%26qu%3DeyJxc2MiOiIzLjYxIiwicXNhIjoiMi45NiIsInFzcCI6IjIuODAifQ%253D%253D%26sprefix%3Dskii%252Caps%252C408%26sr%3D8-2-spons%26psc%3D1,2022-10-12
IMIKEYA 6pcs Ski Straps Adjustable Ski Wraps Ties Ski Board Carrier Fastener Tape Colorful Tape Strap Band for Outdoor Skiing,"
                      £13.29
                     ",,,https://www.amazon.com/sspa/click?ie=UTF8&spc=MTo3ODAxMjgwNjY5Njk1NjU4OjE2NjU1NjQ2MTk6c3BfYXRmOjIwMDU5ODYxMzgwNjAxOjowOjo&sp_csd=d2lkZ2V0TmFtZT1zcF9hdGY&url=%2FIMIKEYA-Adjustable-Carrier-Fastener-Colorful%2Fdp%2FB08YQRQ6B7%2Fref%3Dsr_1_3_sspa%3Fcrid%3D2CAHDTR5AV0UH%26keywords%3DskII%26qid%3D1665564619%26qu%3DeyJxc2MiOiIzLjYxIiwicXNhIjoiMi45NiIsInFzcCI6IjIuODAifQ%253D%253D%26sprefix%3Dskii%252Caps%252C408%26sr%3D8-3-spons%26psc%3D1,2022-10-12
"Pinsofy Ski Shoulder Carrier, Power Training Portable Ski and Pole Carrier Strap, Adjustable 43.3in Skiing Skiers Pole for Fixing Ski","
                      £10.18
                     ",,,https://www.amazon.com/sspa/click?ie=UTF8&spc=MTo3ODAxMjgwNjY5Njk1NjU4OjE2NjU1NjQ2MTk6c3BfYXRmOjIwMDQ2NTYyNDczMjAyOjowOjo&sp_csd=d2lkZ2V0TmFtZT1zcF9hdGY&url=%2FPinsofy-Shoulder-Training-Portable-Adjustable%2Fdp%2FB08P93CBQV%2Fref%3Dsr_1_4_sspa%3Fcrid%3D2CAHDTR5AV0UH%26keywords%3DskII%26qid%3D1665564619%26qu%3DeyJxc2MiOiIzLjYxIiwicXNhIjoiMi45NiIsInFzcCI6IjIuODAifQ%253D%253D%26sprefix%3Dskii%252Caps%252C408%26sr%3D8-4-spons%26psc%3D1,2022-10-12
SK-II Facial Treatment Essence Pitera 7.7oz,"
                    £212.00
                   ","
                      4.4 out of 5 stars
                     ","
                    237
                   ",https://www.amazon.com/SK-II-Facial-Treatment-Essence-Pitera/dp/B01M599DYT/ref=sr_1_5?crid=2CAHDTR5AV0UH&keywords=skII&qid=1665564619&qu=eyJxc2MiOiIzLjYxIiwicXNhIjoiMi45NiIsInFzcCI6IjIuODAifQ%3D%3D&sprefix=skii%2Caps%2C408&sr=8-5,2022-10-12
SK-II GENOPTICS Aura Essence 50ml 2016,"
                    £174.95
                   ","
                      4.1 out of 5 stars
                     ","
                    76
                   ",https://www.amazon.com/SK-II-GENOPTICS-AURA-ESSENCE-50ml/dp/B01BF1SC6Q/ref=sr_1_6?crid=2CAHDTR5AV0UH&keywords=skII&qid=1665564619&qu=eyJxc2MiOiIzLjYxIiwicXNhIjoiMi45NiIsInFzcCI6IjIuODAifQ%3D%3D&sprefix=skii%2Caps%2C408&sr=8-6,2022-10-12
SK-II Facial Treatment Gentle Cleanser - 120ml,"
                    £77.00
                   ","
                      4.1 out of 5 stars
                     ","
                    66
                   ",https://www.amazon.com/SK-II-Cleanser-Facial-Treatment/dp/B00ANEU7HY/ref=sr_1_7?crid=2CAHDTR5AV0UH&keywords=skII&qid=1665564619&qu=eyJxc2MiOiIzLjYxIiwicXNhIjoiMi45NiIsInFzcCI6IjIuODAifQ%3D%3D&sprefix=skii%2Caps%2C408&sr=8-7,2022-10-12
SK-II - Facial Treatment Clear Lotion (230ml),"
                    £83.95
                   ","
                      4.4 out of 5 stars
                     ","
                    189
                   ",https://www.amazon.com/SK-II-Facial-Treatment-Clear-Lotion/dp/B06ZZYQXJG/ref=sr_1_8?crid=2CAHDTR5AV0UH&keywords=skII&qid=1665564619&qu=eyJxc2MiOiIzLjYxIiwicXNhIjoiMi45NiIsInFzcCI6IjIuODAifQ%3D%3D&sprefix=skii%2Caps%2C408&sr=8-8,2022-10-12
Facial Treatment Mask SKII 10 Pcs Treatment For Unisex,"
                    £116.68
                   ","
                      4.4 out of 5 stars
                     ","
                    203
                   ",https://www.amazon.com/Facial-Treatment-Mask-SKII-Unisex/dp/B00JDVP18S/ref=sr_1_9?crid=2CAHDTR5AV0UH&keywords=skII&qid=1665564619&qu=eyJxc2MiOiIzLjYxIiwicXNhIjoiMi45NiIsInFzcCI6IjIuODAifQ%3D%3D&sprefix=skii%2Caps%2C408&sr=8-9,2022-10-12
SK II Facial Treatment Essence 230ml,"
                    £177.21
                   ","
                      4.3 out of 5 stars
                     ","
                    526
                   ",https://www.amazon.com/SK-Facial-Treatment-Essence-230ml/dp/B01296JRMO/ref=sr_1_10?crid=2CAHDTR5AV0UH&keywords=skII&qid=1665564619&qu=eyJxc2MiOiIzLjYxIiwicXNhIjoiMi45NiIsInFzcCI6IjIuODAifQ%3D%3D&sprefix=skii%2Caps%2C408&sr=8-10,2022-10-12
SK-II R.N.A Power Radical New Age Eye Cream 0.5oz,"
                    £99.98
                   ","
                      4.0 out of 5 stars
                     ","
                    121
                   ",https://www.amazon.com/SK-II-Power-Radical-Cream-0-5oz/dp/B0716JS4KX/ref=sr_1_11?crid=2CAHDTR5AV0UH&keywords=skII&qid=1665564619&qu=eyJxc2MiOiIzLjYxIiwicXNhIjoiMi45NiIsInFzcCI6IjIuODAifQ%3D%3D&sprefix=skii%2Caps%2C408&sr=8-11,2022-10-12
DREAM PAIRS Womens Outdoor Snow Boots Ladies Winter Boot Waterproof Lightweight Warm Fashion Shoes,"
                    £34.99
                   ","
                      5.0 out of 5 stars
                     ","
                    1
                   ",https://www.amazon.com/DREAM-PAIRS-Waterproof-Lightweight-SDSB2213W/dp/B09ZLGYNR7/ref=sr_1_12?crid=2CAHDTR5AV0UH&keywords=skII&qid=1665564619&qu=eyJxc2MiOiIzLjYxIiwicXNhIjoiMi45NiIsInFzcCI6IjIuODAifQ%3D%3D&sprefix=skii%2Caps%2C408&sr=8-12,2022-10-12
"Morrisons Chocolate Mousse 6 Pots, 360 g","
                    £1.25
                   ","
                      4.4 out of 5 stars
                     ","
                    702
                   ",https://www.amazon.com/Morrisons-Chocolate-Mousse-60g-pots/dp/B01AWH2NJ6/ref=sr_1_13_f3_0o_morri?crid=2CAHDTR5AV0UH&keywords=skII&qid=1665564619&qu=eyJxc2MiOiIzLjYxIiwicXNhIjoiMi45NiIsInFzcCI6IjIuODAifQ%3D%3D&sprefix=skii%2Caps%2C408&sr=8-13,2022-10-12
"Paula's Choice Skin Perfecting 2% BHA Liquid Exfoliant - Face Exfoliating Peel Fights Blackheads, Breakouts & Enlarged Pores - with Salicylic Acid - Combination, Oily & Acne Prone Skin - 118 ml","
                    £33.00
                   ","
                      4.5 out of 5 stars
                     ","
                    13,124
                   ",https://www.amazon.com/Paulas-Choice-Perfecting-Liquid-Exfoliant/dp/B07PCSNFLP/ref=sr_1_14?crid=2CAHDTR5AV0UH&keywords=skII&qid=1665564619&qu=eyJxc2MiOiIzLjYxIiwicXNhIjoiMi45NiIsInFzcCI6IjIuODAifQ%3D%3D&sprefix=skii%2Caps%2C408&sr=8-14,2022-10-12
MEDIHEAL Official [Korea's No 1 Sheet Mask] - Collagen Essential Lifting & Firming Mask (5 Masks),"
                    £11.05
                   ","
                      4.6 out of 5 stars
                     ","
                    1,392
                   ",https://www.amazon.com/MEDIHEAL-Official-Koreas-Sheet-Mask/dp/B07T32XPCW/ref=sr_1_15?crid=2CAHDTR5AV0UH&keywords=skII&qid=1665564619&qu=eyJxc2MiOiIzLjYxIiwicXNhIjoiMi45NiIsInFzcCI6IjIuODAifQ%3D%3D&sprefix=skii%2Caps%2C408&sr=8-15,2022-10-12
"OutdoorMaster Ski Goggles PRO - Frameless, Interchangeable Lens 100% UV400 Protection Snow Goggles for Men & Women","
                    £37.99
                   ","
                      4.6 out of 5 stars
                     ","
                    7,834
                   ",https://www.amazon.com/OutdoorMaster-Ski-Goggles-PRO-Interchangeable/dp/B014XKTFI0/ref=sr_1_16?crid=2CAHDTR5AV0UH&keywords=skII&qid=1665564619&qu=eyJxc2MiOiIzLjYxIiwicXNhIjoiMi45NiIsInFzcCI6IjIuODAifQ%3D%3D&sprefix=skii%2Caps%2C408&sr=8-16,2022-10-12
Retinol Moisturizer for Face (120ml) – Anti Ageing Face Cream Reduces Scars Ance and Wrinkles with Hyaluronic Acid and Vitamin E,"
                    £18.88
                   ","
                      4.2 out of 5 stars
                     ","
                    7,345
                   ",https://www.amazon.com/2-5-Retinol-Moisturizer-Face-120ml/dp/B017XZVYMC/ref=sr_1_17?crid=2CAHDTR5AV0UH&keywords=skII&qid=1665564619&qu=eyJxc2MiOiIzLjYxIiwicXNhIjoiMi45NiIsInFzcCI6IjIuODAifQ%3D%3D&sprefix=skii%2Caps%2C408&sr=8-17,2022-10-12
Skinfood Facial Mask Rice Wash Off - 3.52 Oz,"
                    £13.00
                   ","
                      4.4 out of 5 stars
                     ","
                    127
                   ",https://www.amazon.com/Skin-food-Rice-Mask-Ounce/dp/B004FKNYWW/ref=sr_1_18?crid=2CAHDTR5AV0UH&keywords=skII&qid=1665564619&qu=eyJxc2MiOiIzLjYxIiwicXNhIjoiMi45NiIsInFzcCI6IjIuODAifQ%3D%3D&sprefix=skii%2Caps%2C408&sr=8-18,2022-10-12
Balaclava Ski Mask for Men Women Face Mask for Cold Weather Winter Windproof Outdoors in Winter Neck Warmer Multifunctional Sports Cold Weather Gear,"
                    £12.88
                   ","
                      4.1 out of 5 stars
                     ","
                    1,748
                   ",https://www.amazon.com/Balaclava-Windproof-Motorcycle-Multifunctional-Snowboard/dp/B0756RNPR8/ref=sr_1_19?crid=2CAHDTR5AV0UH&keywords=skII&qid=1665564619&qu=eyJxc2MiOiIzLjYxIiwicXNhIjoiMi45NiIsInFzcCI6IjIuODAifQ%3D%3D&sprefix=skii%2Caps%2C408&sr=8-19,2022-10-12
"SLOPE WARRIOR Cosmic Rider Merino Wool Alpine Performance Socks, for Men, Women, Shin Padding, Fast Drying, Warm, Knee High Thermal Socks for Ski, Snowboarding and Mountaineering","
                    £18.60
                   ","
                      4.1 out of 5 stars
                     ","
                    4
                   ",https://www.amazon.com/SLOPE-WARRIOR-Cosmic-Rider-High-Performance/dp/B07SX7RL28/ref=sr_1_20?crid=2CAHDTR5AV0UH&keywords=skII&qid=1665564619&qu=eyJxc2MiOiIzLjYxIiwicXNhIjoiMi45NiIsInFzcCI6IjIuODAifQ%3D%3D&sprefix=skii%2Caps%2C408&sr=8-20,2022-10-12
NORTIV 8 Men's 170410 Insulated Waterproof Construction Hiking Winter Snow Boots,"
                    £46.99
                   ","
                      4.4 out of 5 stars
                     ","
                    4,198
                   ",https://www.amazon.com/NORTIV-170410-Waterproof-Winter-Boots/dp/B07FS7B753/ref=sr_1_21?crid=2CAHDTR5AV0UH&keywords=skII&qid=1665564619&qu=eyJxc2MiOiIzLjYxIiwicXNhIjoiMi45NiIsInFzcCI6IjIuODAifQ%3D%3D&sprefix=skii%2Caps%2C408&sr=8-21,2022-10-12
"Snowledge Ski Snowboard Goggles with UV400 Protection, Skiing Snowboarding Goggles of Dual Lens with Anti Fog for Men, Women,Helmet Compatible","
                    £27.99
                   ","
                      4.5 out of 5 stars
                     ","
                    782
                   ",https://www.amazon.com/Snowledge-Snowboard-Goggles-Protection-Compatible/dp/B07GQN2PJ4/ref=sr_1_22?crid=2CAHDTR5AV0UH&keywords=skII&qid=1665564619&qu=eyJxc2MiOiIzLjYxIiwicXNhIjoiMi45NiIsInFzcCI6IjIuODAifQ%3D%3D&sprefix=skii%2Caps%2C408&sr=8-22,2022-10-12
"Merino Wool Ski Socks, Cold Weather Knee-High Thermal Socks for Winter, Snow, Snowboarding, Hiking","
                    £22.31
                   ","
                      4.7 out of 5 stars
                     ","
                    122
                   ",https://www.amazon.com/Merino-Weather-Knee-High-Thermal-Snowboarding/dp/B09M3HCSGS/ref=sr_1_23?crid=2CAHDTR5AV0UH&keywords=skII&qid=1665564619&qu=eyJxc2MiOiIzLjYxIiwicXNhIjoiMi45NiIsInFzcCI6IjIuODAifQ%3D%3D&sprefix=skii%2Caps%2C408&sr=8-23,2022-10-12
OutdoorMaster Ski Goggles PRO Replacement Lens,"
                    £27.99
                   ","
                      4.6 out of 5 stars
                     ","
                    2,372
                   ",https://www.amazon.com/OutdoorMaster-Ski-Goggles-Replacement-Lens/dp/B074JY1NHC/ref=sr_1_24?crid=2CAHDTR5AV0UH&keywords=skII&qid=1665564619&qu=eyJxc2MiOiIzLjYxIiwicXNhIjoiMi45NiIsInFzcCI6IjIuODAifQ%3D%3D&sprefix=skii%2Caps%2C408&sr=8-24,2022-10-12
"Merino Wool Socks High Performance Compression Ski Socks Mens and Women Thermal Knee High Socks, 2 Pairs","
                    £25.99
                   ","
                      4.4 out of 5 stars
                     ","
                    39
                   ",https://www.amazon.com/Merino-Performance-Compression-Socks-Thermal/dp/B09MD5RHY3/ref=sr_1_25?crid=2CAHDTR5AV0UH&keywords=skII&qid=1665564619&qu=eyJxc2MiOiIzLjYxIiwicXNhIjoiMi45NiIsInFzcCI6IjIuODAifQ%3D%3D&sprefix=skii%2Caps%2C408&sr=8-25,2022-10-12
DREAM PAIRS Women’s Waterproof Wellington Duck Rain Boots Outdoor Ankle Low Heel Snow Boots Ladies Originals Lace-up Winter Boots,"
                    £29.99
                   ","
                      5.0 out of 5 stars
                     ","
                    1
                   ",https://www.amazon.com/DREAM-PAIRS-Originals-Waterproof-SDSB2211W-1/dp/B09ZLGFH4D/ref=sr_1_26?crid=2CAHDTR5AV0UH&keywords=skII&qid=1665564619&qu=eyJxc2MiOiIzLjYxIiwicXNhIjoiMi45NiIsInFzcCI6IjIuODAifQ%3D%3D&sprefix=skii%2Caps%2C408&sr=8-26,2022-10-12
"RAYZOR Ski Goggles Snowboard Goggles For Men & Women – OTG Ski Mask with UV400 Protection – Anti-Fog and Shatterproof Skiing Goggles, Anti-Glare Protective Goggles for Men Women Boys & Girls","
                    £21.95
                   ","
                      4.5 out of 5 stars
                     ","
                    869
                   ",https://www.amazon.com/Rayzor-Protection-Comfortable-Shatterproof-Snowmobiles/dp/B002MQ6LTY/ref=sr_1_27?crid=2CAHDTR5AV0UH&keywords=skII&qid=1665564619&qu=eyJxc2MiOiIzLjYxIiwicXNhIjoiMi45NiIsInFzcCI6IjIuODAifQ%3D%3D&sprefix=skii%2Caps%2C408&sr=8-27,2022-10-12
5 Pairs Mens High Performance Thermal Ski Socks - Multicoloured - Mens UK Size 6-11 (EU 39-45),"
                    £11.95
                   ","
                      4.3 out of 5 stars
                     ","
                    363
                   ",https://www.amazon.com/SX167-6-11-Mens-Socks-Pack-6-11/dp/B08M3QKF95/ref=sr_1_28?crid=2CAHDTR5AV0UH&keywords=skII&qid=1665564619&qu=eyJxc2MiOiIzLjYxIiwicXNhIjoiMi45NiIsInFzcCI6IjIuODAifQ%3D%3D&sprefix=skii%2Caps%2C408&sr=8-28,2022-10-12
"SPOSUNE OTG Ski Goggles - Over Glasses Snow Snowboard Goggle with Anti fog Dual lens for Men Women Youth Kids Skiing Skating Snowmobile, Windproof UV400 Protection Winter Sports Protective Glasses","
                    £25.99
                   ","
                      4.6 out of 5 stars
                     ","
                    705
                   ",https://www.amazon.com/SPOSUNE-Protection-Spherical-Snowboard-Compatible/dp/B07WP2LSLR/ref=sr_1_29?crid=2CAHDTR5AV0UH&keywords=skII&qid=1665564619&qu=eyJxc2MiOiIzLjYxIiwicXNhIjoiMi45NiIsInFzcCI6IjIuODAifQ%3D%3D&sprefix=skii%2Caps%2C408&sr=8-29,2022-10-12
SAITAG Balaclava Ski Mask Warm Face Mask for Cold Weather Winter Skiing Snowboarding Motorcycling Ice Fishing Men,"
                    £17.59
                   ","
                      4.6 out of 5 stars
                     ","
                    364
                   ",https://www.amazon.com/SAITAG-Balaclava-Weather-Snowboarding-Motorcycling/dp/B09D2VX1F6/ref=sr_1_30?crid=2CAHDTR5AV0UH&keywords=skII&qid=1665564619&qu=eyJxc2MiOiIzLjYxIiwicXNhIjoiMi45NiIsInFzcCI6IjIuODAifQ%3D%3D&sprefix=skii%2Caps%2C408&sr=8-30,2022-10-12
"2 Pairs Men's Wool Socks, 80% Merino, Hiking Walking Thermal Athletic Socks for Winter Outdoor Recreation Trekking Climbing(UK M-L)","
                    £11.99
                   ","
                      4.4 out of 5 stars
                     ","
                    513
                   ",https://www.amazon.com/Walking-Athletic-Recreation-Trekking-Climbing/dp/B07XGK6VDJ/ref=sr_1_31?crid=2CAHDTR5AV0UH&keywords=skII&qid=1665564619&qu=eyJxc2MiOiIzLjYxIiwicXNhIjoiMi45NiIsInFzcCI6IjIuODAifQ%3D%3D&sprefix=skii%2Caps%2C408&sr=8-31,2022-10-12
"Mountain Warehouse Kids Ski Jacket & Trousers Set - Snowproof Ski Outfit, Front Pockets, Fleece Lined Skiwear, Integrated Snowskirt - Best for Winter Snowboarding","
                    £59.99
                   ","
                      4.6 out of 5 stars
                     ","
                    1,423
                   ",https://www.amazon.com/Mountain-Warehouse-Kids-Jacket-Trousers/dp/B08SKQJ5R6/ref=sr_1_32?crid=2CAHDTR5AV0UH&keywords=skII&qid=1665564619&qu=eyJxc2MiOiIzLjYxIiwicXNhIjoiMi45NiIsInFzcCI6IjIuODAifQ%3D%3D&sprefix=skii%2Caps%2C408&sr=8-32,2022-10-12
"DANISH ENDURANCE Merino Wool Performance Ski Socks, Shin Padding, for Men, Women, Kids, 1 Pack","
                      £26.95
                     ","
                        4.4 out of 5 stars
                       ","
                      3,455
                     ",https://www.amazon.com/sspa/click?ie=UTF8&spc=MTo3ODAxMjgwNjY5Njk1NjU4OjE2NjU1NjQ2MTk6c3BfbXRmOjIwMDcwNDgxMjAzMTA4OjowOjo&sp_csd=d2lkZ2V0TmFtZT1zcF9tdGY&url=%2FDANISH-ENDURANCE-Alpine-Performance-Yellow%2Fdp%2FB07G4BYKTC%2Fref%3Dsr_1_33_sspa%3Fcrid%3D2CAHDTR5AV0UH%26keywords%3DskII%26qid%3D1665564619%26qu%3DeyJxc2MiOiIzLjYxIiwicXNhIjoiMi45NiIsInFzcCI6IjIuODAifQ%253D%253D%26sprefix%3Dskii%252Caps%252C408%26sr%3D8-33-spons%26psc%3D1,2022-10-12
AKSIUM ACCESS,"
                      £38.96
                     ","
                        4.5 out of 5 stars
                       ","
                      656
                     ",https://www.amazon.com/sspa/click?ie=UTF8&spc=MTo3ODAxMjgwNjY5Njk1NjU4OjE2NjU1NjQ2MTk6c3BfbXRmOjIwMDgxNTY2OTkzNTk4OjowOjo&sp_csd=d2lkZ2V0TmFtZT1zcF9tdGY&url=%2FSalomon-Aksium-Goggles-Universal-L40846100%2Fdp%2FB07WKN59J7%2Fref%3Dsr_1_34_sspa%3Fcrid%3D2CAHDTR5AV0UH%26keywords%3DskII%26qid%3D1665564619%26qu%3DeyJxc2MiOiIzLjYxIiwicXNhIjoiMi45NiIsInFzcCI6IjIuODAifQ%253D%253D%26sprefix%3Dskii%252Caps%252C408%26sr%3D8-34-spons%26psc%3D1,2022-10-12
"JVR Blackhead Remover Mask for Men, Bamboo Charcoal Peel Off Black Mask, Purifying & Deep Cleansing for All Skin Types 120g","
                      £9.99
                     ","
                        4.0 out of 5 stars
                       ","
                      504
                     ",https://www.amazon.com/sspa/click?ie=UTF8&spc=MTo3ODAxMjgwNjY5Njk1NjU4OjE2NjU1NjQ2MTk6c3BfbXRmOjIwMDc2NTczMzAyMzk4OjowOjo&sp_csd=d2lkZ2V0TmFtZT1zcF9tdGY&url=%2FJVR-Blackhead-Charcoal-Purifying-Cleansing%2Fdp%2FB087JBPNT5%2Fref%3Dsr_1_35_sspa%3Fcrid%3D2CAHDTR5AV0UH%26keywords%3DskII%26qid%3D1665564619%26qu%3DeyJxc2MiOiIzLjYxIiwicXNhIjoiMi45NiIsInFzcCI6IjIuODAifQ%253D%253D%26sprefix%3Dskii%252Caps%252C408%26sr%3D8-35-spons%26psc%3D1,2022-10-12
REN Clean Skincare Supersize Overnight Recovery Balm 50ml,"
                      £49.00
                     ",,"
                     (£98.00/100 ml)
                    ",https://www.amazon.com/sspa/click?ie=UTF8&spc=MTo3ODAxMjgwNjY5Njk1NjU4OjE2NjU1NjQ2MTk6c3BfbXRmOjIwMDY4Mjg2NjY1ODk4OjowOjo&sp_csd=d2lkZ2V0TmFtZT1zcF9tdGY&url=%2FREN-Clean-Skincare-Supersize-Overnight%2Fdp%2FB09NQFPQ4N%2Fref%3Dsr_1_36_sspa%3Fcrid%3D2CAHDTR5AV0UH%26keywords%3DskII%26qid%3D1665564619%26qu%3DeyJxc2MiOiIzLjYxIiwicXNhIjoiMi45NiIsInFzcCI6IjIuODAifQ%253D%253D%26smid%3DA3P5ROKL5A1OLE%26sprefix%3Dskii%252Caps%252C408%26sr%3D8-36-spons%26psc%3D1,2022-10-12
Blulu Ski Mask Winter Balaclava Ski Mask Warm Full Face Ski Mask Thermal Men Ski Mask 3 Hole Knit Face Mask for Outdoor Sports,"
                    £7.59
                   ","
                      3.9 out of 5 stars
                     ","
                    92
                   ",https://www.amazon.com/Winter-Balaclava-Thermal-3-Hole-Outdoor/dp/B09J16SXYJ/ref=sr_1_37?crid=2CAHDTR5AV0UH&keywords=skII&qid=1665564619&qu=eyJxc2MiOiIzLjYxIiwicXNhIjoiMi45NiIsInFzcCI6IjIuODAifQ%3D%3D&sprefix=skii%2Caps%2C408&sr=8-37,2022-10-12
"coskefy Thermal Gloves, -20℉ Coldproof Touchscreen Ski Gloves Waterproof Winter Gloves 3M Thinsulate Snow Gloves for Walking Snowboarding Hiking Outdoor","
                    £11.04
                   ","
                      4.5 out of 5 stars
                     ","
                    1,967
                   ",https://www.amazon.com/coskefy-Thermal-Thinsulate-Touchscreen-Snowboarding/dp/B07HGQMK4H/ref=sr_1_38?crid=2CAHDTR5AV0UH&keywords=skII&qid=1665564619&qu=eyJxc2MiOiIzLjYxIiwicXNhIjoiMi45NiIsInFzcCI6IjIuODAifQ%3D%3D&smid=A3PNIR7C4EEUQS&sprefix=skii%2Caps%2C408&sr=8-38,2022-10-12
BODY ARMOUR CE MOTORBIKE/MOTORCYCLE/MOTOCROSS SKIING SKATING SNOW BOARD IMPACT PADDED SPINE GUARD PROTECTIVE SUIT (M),"
                    £49.99
                   ","
                      3.5 out of 5 stars
                     ","
                    8
                   ",https://www.amazon.com/ARMOUR-MOTORBIKE-MOTORCYCLE-MOTOCROSS-PROTECTIVE/dp/B07DCFMPB3/ref=sr_1_39?crid=2CAHDTR5AV0UH&keywords=skII&qid=1665564619&qu=eyJxc2MiOiIzLjYxIiwicXNhIjoiMi45NiIsInFzcCI6IjIuODAifQ%3D%3D&sprefix=skii%2Caps%2C408&sr=8-39,2022-10-12
4 Pairs of Mens High Performance Thermal Ski Socks-Assorted-UK 6 - 11 ( Eur 39 - 45 ),"
                    £12.95
                   ","
                      4.5 out of 5 stars
                     ","
                    4,028
                   ",https://www.amazon.com/Pairs-Mens-Performance-Thermal-Socks-Assorted-UK/dp/B01N59WFGI/ref=sr_1_40?crid=2CAHDTR5AV0UH&keywords=skII&qid=1665564619&qu=eyJxc2MiOiIzLjYxIiwicXNhIjoiMi45NiIsInFzcCI6IjIuODAifQ%3D%3D&sprefix=skii%2Caps%2C408&sr=8-40,2022-10-12
Sakkas Booker Cashmere Feel Solid Colored Unisex Winter Scarf With Fringe,"
                    £12.99
                   ","
                      4.4 out of 5 stars
                     ","
                    443
                   ",https://www.amazon.com/Sakkas-1590-Booker-Cashmere-Colored/dp/B07CP2KVM9/ref=sr_1_42?crid=2CAHDTR5AV0UH&keywords=skII&qid=1665564619&qu=eyJxc2MiOiIzLjYxIiwicXNhIjoiMi45NiIsInFzcCI6IjIuODAifQ%3D%3D&sprefix=skii%2Caps%2C408&sr=8-42,2022-10-12
"L'Oréal Paris Perfect Golden Age Re-Activating Essence, 125ml","
                    £16.99
                   ","
                      4.5 out of 5 stars
                     ","
                    631
                   ",https://www.amazon.com/LOr%C3%A9al-Perfect-Golden-Re-Activating-Essence/dp/B01AIPJ4A8/ref=sr_1_43?crid=2CAHDTR5AV0UH&keywords=skII&qid=1665564619&qu=eyJxc2MiOiIzLjYxIiwicXNhIjoiMi45NiIsInFzcCI6IjIuODAifQ%3D%3D&sprefix=skii%2Caps%2C408&sr=8-43,2022-10-12
donhobo Men's Fleece Jacket Winter Waterproof Warm Ski Jackets Windproof Coat With Zip Pockets Hood,"
                    £51.98
                   ","
                      4.4 out of 5 stars
                     ","
                    2,559
                   ",https://www.amazon.com/donhobo-Waterproof-Jackets-Windproof-Pockets/dp/B0787PLRXM/ref=sr_1_44?crid=2CAHDTR5AV0UH&keywords=skII&qid=1665564619&qu=eyJxc2MiOiIzLjYxIiwicXNhIjoiMi45NiIsInFzcCI6IjIuODAifQ%3D%3D&sprefix=skii%2Caps%2C408&sr=8-44,2022-10-12
Sock Stack 4 Pairs Of Mens Performance Ski Sock Long Thermal Heat Pro Winter Cushioned Arch Support Snowboard Socks With Full Terry Socks UK Size 6-11,"
                    £9.95
                   ","
                      4.2 out of 5 stars
                     ","
                    223
                   ",https://www.amazon.com/Sock-Stack-Performance-Cushioned-Snowboard/dp/B07YRXCDVJ/ref=sr_1_45?crid=2CAHDTR5AV0UH&keywords=skII&qid=1665564619&qu=eyJxc2MiOiIzLjYxIiwicXNhIjoiMi45NiIsInFzcCI6IjIuODAifQ%3D%3D&sprefix=skii%2Caps%2C408&sr=8-45,2022-10-12
DREAM PAIRS Boys Girls Faux Fur Lined Winter Snow Boots (Toddler/Little Kid/Big Kid) Shorty-K,"
                    £29.99
                   ","
                      4.6 out of 5 stars
                     ","
                    6,149
                   ",https://www.amazon.com/Dream-Shorty-K-Chesnut-Sheepskin-Winter/dp/B07MZSY43Q/ref=sr_1_46?crid=2CAHDTR5AV0UH&keywords=skII&qid=1665564619&qu=eyJxc2MiOiIzLjYxIiwicXNhIjoiMi45NiIsInFzcCI6IjIuODAifQ%3D%3D&sprefix=skii%2Caps%2C408&sr=8-46,2022-10-12
"SECRET KEY Starting Treatment Essence Rose Edition 5.07 fl.oz. (150ml) - 94% Galactonyces Fermented Filtrate & Rose Flower Water, Anti-Wrikle & Moisturizing First Step Skin Care Essence, Paraben Free","
                    £23.95
                   ","
                      4.6 out of 5 stars
                     ","
                    206
                   ",https://www.amazon.com/Secret-Key-Starting-Treatment-Essence_Rose/dp/B01HCH690S/ref=sr_1_47?crid=2CAHDTR5AV0UH&keywords=skII&qid=1665564619&qu=eyJxc2MiOiIzLjYxIiwicXNhIjoiMi45NiIsInFzcCI6IjIuODAifQ%3D%3D&sprefix=skii%2Caps%2C408&sr=8-47,2022-10-12
4 Pairs High Performance Ladies Ski Socks Long Hose Thermal Socks-Assorted-UK 4 - 7,"
                    £12.95
                   ","
                      4.5 out of 5 stars
                     ","
                    2,891
                   ",https://www.amazon.com/Pairs-Performance-Ladies-Thermal-Socks-Assorted-UK/dp/B01N5MCB4M/ref=sr_1_48?crid=2CAHDTR5AV0UH&keywords=skII&qid=1665564619&qu=eyJxc2MiOiIzLjYxIiwicXNhIjoiMi45NiIsInFzcCI6IjIuODAifQ%3D%3D&sprefix=skii%2Caps%2C408&sr=8-48,2022-10-12
"Odoland OTG Ski Goggles Set with Detachable Lens, Frameless Interchangeable Magnetic Lens for Skiing Skating Snowboard, Anti-Fog and UV400 Protection Snow Goggles for Men and Women","
                    £39.99
                   ","
                      4.6 out of 5 stars
                     ","
                    492
                   ",https://www.amazon.com/Odoland-Detachable-Interchangeable-Snowmobiles-Protection/dp/B08CGZMM1C/ref=sr_1_50?crid=2CAHDTR5AV0UH&keywords=skII&qid=1665564619&qu=eyJxc2MiOiIzLjYxIiwicXNhIjoiMi45NiIsInFzcCI6IjIuODAifQ%3D%3D&sprefix=skii%2Caps%2C408&sr=8-50,2022-10-12
"Winter Neck Warmer Neck Gaiter Ski Snood for Men with Thermal Fleece Waterproof Fabric, Face Covering Multifunction Headwear Elastic Tube Face Scarf Face Shield for Sports Cycling Skiing, Running","
                    £8.99
                   ","
                      4.4 out of 5 stars
                     ","
                    607
                   ",https://www.amazon.com/Thermal-Waterproof-Covering-Multifunction-Headwear/dp/B08P3JBG38/ref=sr_1_51?crid=2CAHDTR5AV0UH&keywords=skII&qid=1665564619&qu=eyJxc2MiOiIzLjYxIiwicXNhIjoiMi45NiIsInFzcCI6IjIuODAifQ%3D%3D&sprefix=skii%2Caps%2C408&sr=8-51,2022-10-12
"DANISH ENDURANCE Merino Wool Performance Ski Socks, Shin Padding, for Men, Women, Kids, 1 Pack","
                    £26.95
                   ","
                      4.4 out of 5 stars
                     ","
                    3,455
                   ",https://www.amazon.com/DANISH-ENDURANCE-Alpine-Performance-Socks/dp/B07HKB1RS2/ref=sr_1_52?crid=2CAHDTR5AV0UH&keywords=skII&qid=1665564619&qu=eyJxc2MiOiIzLjYxIiwicXNhIjoiMi45NiIsInFzcCI6IjIuODAifQ%3D%3D&sprefix=skii%2Caps%2C408&sr=8-52,2022-10-12
"findway Ski Goggles, Skiing Goggles For Snowboard Jet Snow, For Women Men Ladies Youth Teen OTG Over Helmet Compatible, Anti-fog 100% UV Protection, Anti-glare Ski Goggles, For Skiing Snowboarding","
                    £19.99
                   ","
                      4.5 out of 5 stars
                     ","
                    1,258
                   ",https://www.amazon.com/findway-Compatible-Protection-Anti-glare-Snowboarding/dp/B07MVWWZ3X/ref=sr_1_53?crid=2CAHDTR5AV0UH&keywords=skII&qid=1665564619&qu=eyJxc2MiOiIzLjYxIiwicXNhIjoiMi45NiIsInFzcCI6IjIuODAifQ%3D%3D&sprefix=skii%2Caps%2C408&sr=8-53,2022-10-12
"DANISH ENDURANCE Merino Wool Performance Ski Socks, Shin Padding, for Men, Women, Kids, 2 Pack","
                    £37.95
                   ","
                      4.5 out of 5 stars
                     ","
                    827
                   ",https://www.amazon.com/Alpine-Performance-Socks-packs-Multicolour/dp/B07XYZXYCS/ref=sr_1_54?crid=2CAHDTR5AV0UH&keywords=skII&qid=1665564619&qu=eyJxc2MiOiIzLjYxIiwicXNhIjoiMi45NiIsInFzcCI6IjIuODAifQ%3D%3D&sprefix=skii%2Caps%2C408&sr=8-54,2022-10-12
YEKEYI Women Balaclava Hood hat Winter Cashmere Knitted Beanie Hats Ski Mask Ski Cap Outdoor,"
                    £19.99
                   ","
                      3.9 out of 5 stars
                     ","
                    23
                   ",https://www.amazon.com/YEKEYI-Balaclava-Cashmere-Knitted-Outdoor/dp/B08MT6ZZ4F/ref=sr_1_55?crid=2CAHDTR5AV0UH&keywords=skII&qid=1665564619&qu=eyJxc2MiOiIzLjYxIiwicXNhIjoiMi45NiIsInFzcCI6IjIuODAifQ%3D%3D&sprefix=skii%2Caps%2C408&sr=8-55,2022-10-12
GG ST Balaclava Windproof Ski Mask Winter Thermal Fleece Hood Heavyweight Neck Warmer Snood Outdoor Sports Face Covers Hat For Men & Women,"
                    £13.99
                   ","
                      4.3 out of 5 stars
                     ","
                    2,607
                   ",https://www.amazon.com/GG-ST-Balaclava-Windproof-Heavyweight/dp/B07GNTHWN6/ref=sr_1_56?crid=2CAHDTR5AV0UH&keywords=skII&qid=1665564619&qu=eyJxc2MiOiIzLjYxIiwicXNhIjoiMi45NiIsInFzcCI6IjIuODAifQ%3D%3D&sprefix=skii%2Caps%2C408&sr=8-56,2022-10-12
donhobo Men's Fleece Jacket Winter Waterproof Warm Ski Jackets Windproof Coat With Zip Pockets Hood,"
                      £51.98
                     ","
                        4.4 out of 5 stars
                       ","
                      2,559
                     ",https://www.amazon.com/sspa/click?ie=UTF8&spc=MTo3ODAxMjgwNjY5Njk1NjU4OjE2NjU1NjQ2MTk6c3BfYnRmOjIwMDQzMDM2MDk2MjA2OjowOjo&sp_csd=d2lkZ2V0TmFtZT1zcF9idGY&url=%2Fdonhobo-Waterproof-Jackets-Windproof-Pockets%2Fdp%2FB0787PLRXM%2Fref%3Dsr_1_57_sspa%3Fcrid%3D2CAHDTR5AV0UH%26keywords%3DskII%26qid%3D1665564619%26qu%3DeyJxc2MiOiIzLjYxIiwicXNhIjoiMi45NiIsInFzcCI6IjIuODAifQ%253D%253D%26sprefix%3Dskii%252Caps%252C408%26sr%3D8-57-spons%26psc%3D1,2022-10-12
"NIVEA Cellular LUMINOUS 630 Anti-Dark Spot Advanced Treatment Serum (30ml), Face Serum for Women, Facial Serum For Luminous Skin","
                      £10.00
                     ","
                        4.3 out of 5 stars
                       ","
                      520
                     ",https://www.amazon.com/sspa/click?ie=UTF8&spc=MTo3ODAxMjgwNjY5Njk1NjU4OjE2NjU1NjQ2MTk6c3BfYnRmOjIwMDI3OTMzOTI2ODk4OjowOjo&sp_csd=d2lkZ2V0TmFtZT1zcF9idGY&url=%2FNIVEA-Cellular-LUMINOUS-Anti-Dark-Treatment%2Fdp%2FB096R4DM7Y%2Fref%3Dsr_1_58_sspa%3Fcrid%3D2CAHDTR5AV0UH%26keywords%3DskII%26qid%3D1665564619%26qu%3DeyJxc2MiOiIzLjYxIiwicXNhIjoiMi45NiIsInFzcCI6IjIuODAifQ%253D%253D%26smid%3DA3P5ROKL5A1OLE%26sprefix%3Dskii%252Caps%252C408%26sr%3D8-58-spons%26psc%3D1,2022-10-12
"RAYZOR Ski Goggles Snowboard Goggles For Men & Women – OTG Ski Mask with UV400 Protection – Anti-Fog and Shatterproof Skiing Goggles, Anti-Glare Protective Goggles for Men Women Boys & Girls","
                      £21.95
                     ","
                        4.5 out of 5 stars
                       ","
                      869
                     ",https://www.amazon.com/sspa/click?ie=UTF8&spc=MTo3ODAxMjgwNjY5Njk1NjU4OjE2NjU1NjQ2MTk6c3BfYXRmOjIwMDE2NTI2MzAyMzk4OjowOjo&sp_csd=d2lkZ2V0TmFtZT1zcF9hdGY&url=%2FRayzor-Protection-Comfortable-Shatterproof-Snowmobiles%2Fdp%2FB002MQ6LTY%2Fref%3Dsr_1_1_sspa%3Fcrid%3D2CAHDTR5AV0UH%26keywords%3DskII%26qid%3D1665564619%26qu%3DeyJxc2MiOiIzLjYxIiwicXNhIjoiMi45NiIsInFzcCI6IjIuODAifQ%253D%253D%26sprefix%3Dskii%252Caps%252C408%26sr%3D8-1-spons%26psc%3D1,2022-10-12
Handle Double Shoulder Strap Easily 2Pcs Activities Fixing Fixing Belt Skis Strap Power Training Convenient for Family Skiing Activities,"
                      £10.49
                     ",,,https://www.amazon.com/sspa/click?ie=UTF8&spc=MTo3ODAxMjgwNjY5Njk1NjU4OjE2NjU1NjQ2MTk6c3BfYXRmOjIwMDcxMjg1MDcwMjk4OjowOjo&sp_csd=d2lkZ2V0TmFtZT1zcF9hdGY&url=%2FHandle-Shoulder-Activities-Training-Convenient%2Fdp%2FB09285W6B1%2Fref%3Dsr_1_2_sspa%3Fcrid%3D2CAHDTR5AV0UH%26keywords%3DskII%26qid%3D1665564619%26qu%3DeyJxc2MiOiIzLjYxIiwicXNhIjoiMi45NiIsInFzcCI6IjIuODAifQ%253D%253D%26sprefix%3Dskii%252Caps%252C408%26sr%3D8-2-spons%26psc%3D1,2022-10-12
IMIKEYA 6pcs Ski Straps Adjustable Ski Wraps Ties Ski Board Carrier Fastener Tape Colorful Tape Strap Band for Outdoor Skiing,"
                      £13.29
                     ",,,https://www.amazon.com/sspa/click?ie=UTF8&spc=MTo3ODAxMjgwNjY5Njk1NjU4OjE2NjU1NjQ2MTk6c3BfYXRmOjIwMDU5ODYxMzgwNjAxOjowOjo&sp_csd=d2lkZ2V0TmFtZT1zcF9hdGY&url=%2FIMIKEYA-Adjustable-Carrier-Fastener-Colorful%2Fdp%2FB08YQRQ6B7%2Fref%3Dsr_1_3_sspa%3Fcrid%3D2CAHDTR5AV0UH%26keywords%3DskII%26qid%3D1665564619%26qu%3DeyJxc2MiOiIzLjYxIiwicXNhIjoiMi45NiIsInFzcCI6IjIuODAifQ%253D%253D%26sprefix%3Dskii%252Caps%252C408%26sr%3D8-3-spons%26psc%3D1,2022-10-12
"Pinsofy Ski Shoulder Carrier, Power Training Portable Ski and Pole Carrier Strap, Adjustable 43.3in Skiing Skiers Pole for Fixing Ski","
                      £10.18
                     ",,,https://www.amazon.com/sspa/click?ie=UTF8&spc=MTo3ODAxMjgwNjY5Njk1NjU4OjE2NjU1NjQ2MTk6c3BfYXRmOjIwMDQ2NTYyNDczMjAyOjowOjo&sp_csd=d2lkZ2V0TmFtZT1zcF9hdGY&url=%2FPinsofy-Shoulder-Training-Portable-Adjustable%2Fdp%2FB08P93CBQV%2Fref%3Dsr_1_4_sspa%3Fcrid%3D2CAHDTR5AV0UH%26keywords%3DskII%26qid%3D1665564619%26qu%3DeyJxc2MiOiIzLjYxIiwicXNhIjoiMi45NiIsInFzcCI6IjIuODAifQ%253D%253D%26sprefix%3Dskii%252Caps%252C408%26sr%3D8-4-spons%26psc%3D1,2022-10-12
SK-II Facial Treatment Essence Pitera 7.7oz,"
                    £212.00
                   ","
                      4.4 out of 5 stars
                     ","
                    237
                   ",https://www.amazon.com/SK-II-Facial-Treatment-Essence-Pitera/dp/B01M599DYT/ref=sr_1_5?crid=2CAHDTR5AV0UH&keywords=skII&qid=1665564619&qu=eyJxc2MiOiIzLjYxIiwicXNhIjoiMi45NiIsInFzcCI6IjIuODAifQ%3D%3D&sprefix=skii%2Caps%2C408&sr=8-5,2022-10-12
SK-II GENOPTICS Aura Essence 50ml 2016,"
                    £174.95
                   ","
                      4.1 out of 5 stars
                     ","
                    76
                   ",https://www.amazon.com/SK-II-GENOPTICS-AURA-ESSENCE-50ml/dp/B01BF1SC6Q/ref=sr_1_6?crid=2CAHDTR5AV0UH&keywords=skII&qid=1665564619&qu=eyJxc2MiOiIzLjYxIiwicXNhIjoiMi45NiIsInFzcCI6IjIuODAifQ%3D%3D&sprefix=skii%2Caps%2C408&sr=8-6,2022-10-12
SK-II Facial Treatment Gentle Cleanser - 120ml,"
                    £77.00
                   ","
                      4.1 out of 5 stars
                     ","
                    66
                   ",https://www.amazon.com/SK-II-Cleanser-Facial-Treatment/dp/B00ANEU7HY/ref=sr_1_7?crid=2CAHDTR5AV0UH&keywords=skII&qid=1665564619&qu=eyJxc2MiOiIzLjYxIiwicXNhIjoiMi45NiIsInFzcCI6IjIuODAifQ%3D%3D&sprefix=skii%2Caps%2C408&sr=8-7,2022-10-12
SK-II - Facial Treatment Clear Lotion (230ml),"
                    £83.95
                   ","
                      4.4 out of 5 stars
                     ","
                    189
                   ",https://www.amazon.com/SK-II-Facial-Treatment-Clear-Lotion/dp/B06ZZYQXJG/ref=sr_1_8?crid=2CAHDTR5AV0UH&keywords=skII&qid=1665564619&qu=eyJxc2MiOiIzLjYxIiwicXNhIjoiMi45NiIsInFzcCI6IjIuODAifQ%3D%3D&sprefix=skii%2Caps%2C408&sr=8-8,2022-10-12
Facial Treatment Mask SKII 10 Pcs Treatment For Unisex,"
                    £116.68
                   ","
                      4.4 out of 5 stars
                     ","
                    203
                   ",https://www.amazon.com/Facial-Treatment-Mask-SKII-Unisex/dp/B00JDVP18S/ref=sr_1_9?crid=2CAHDTR5AV0UH&keywords=skII&qid=1665564619&qu=eyJxc2MiOiIzLjYxIiwicXNhIjoiMi45NiIsInFzcCI6IjIuODAifQ%3D%3D&sprefix=skii%2Caps%2C408&sr=8-9,2022-10-12
SK II Facial Treatment Essence 230ml,"
                    £177.21
                   ","
                      4.3 out of 5 stars
                     ","
                    526
                   ",https://www.amazon.com/SK-Facial-Treatment-Essence-230ml/dp/B01296JRMO/ref=sr_1_10?crid=2CAHDTR5AV0UH&keywords=skII&qid=1665564619&qu=eyJxc2MiOiIzLjYxIiwicXNhIjoiMi45NiIsInFzcCI6IjIuODAifQ%3D%3D&sprefix=skii%2Caps%2C408&sr=8-10,2022-10-12
SK-II R.N.A Power Radical New Age Eye Cream 0.5oz,"
                    £99.98
                   ","
                      4.0 out of 5 stars
                     ","
                    121
                   ",https://www.amazon.com/SK-II-Power-Radical-Cream-0-5oz/dp/B0716JS4KX/ref=sr_1_11?crid=2CAHDTR5AV0UH&keywords=skII&qid=1665564619&qu=eyJxc2MiOiIzLjYxIiwicXNhIjoiMi45NiIsInFzcCI6IjIuODAifQ%3D%3D&sprefix=skii%2Caps%2C408&sr=8-11,2022-10-12
DREAM PAIRS Womens Outdoor Snow Boots Ladies Winter Boot Waterproof Lightweight Warm Fashion Shoes,"
                    £34.99
                   ","
                      5.0 out of 5 stars
                     ","
                    1
                   ",https://www.amazon.com/DREAM-PAIRS-Waterproof-Lightweight-SDSB2213W/dp/B09ZLGYNR7/ref=sr_1_12?crid=2CAHDTR5AV0UH&keywords=skII&qid=1665564619&qu=eyJxc2MiOiIzLjYxIiwicXNhIjoiMi45NiIsInFzcCI6IjIuODAifQ%3D%3D&sprefix=skii%2Caps%2C408&sr=8-12,2022-10-12
"Morrisons Chocolate Mousse 6 Pots, 360 g","
                    £1.25
                   ","
                      4.4 out of 5 stars
                     ","
                    702
                   ",https://www.amazon.com/Morrisons-Chocolate-Mousse-60g-pots/dp/B01AWH2NJ6/ref=sr_1_13_f3_0o_morri?crid=2CAHDTR5AV0UH&keywords=skII&qid=1665564619&qu=eyJxc2MiOiIzLjYxIiwicXNhIjoiMi45NiIsInFzcCI6IjIuODAifQ%3D%3D&sprefix=skii%2Caps%2C408&sr=8-13,2022-10-12
"Paula's Choice Skin Perfecting 2% BHA Liquid Exfoliant - Face Exfoliating Peel Fights Blackheads, Breakouts & Enlarged Pores - with Salicylic Acid - Combination, Oily & Acne Prone Skin - 118 ml","
                    £33.00
                   ","
                      4.5 out of 5 stars
                     ","
                    13,124
                   ",https://www.amazon.com/Paulas-Choice-Perfecting-Liquid-Exfoliant/dp/B07PCSNFLP/ref=sr_1_14?crid=2CAHDTR5AV0UH&keywords=skII&qid=1665564619&qu=eyJxc2MiOiIzLjYxIiwicXNhIjoiMi45NiIsInFzcCI6IjIuODAifQ%3D%3D&sprefix=skii%2Caps%2C408&sr=8-14,2022-10-12
MEDIHEAL Official [Korea's No 1 Sheet Mask] - Collagen Essential Lifting & Firming Mask (5 Masks),"
                    £11.05
                   ","
                      4.6 out of 5 stars
                     ","
                    1,392
                   ",https://www.amazon.com/MEDIHEAL-Official-Koreas-Sheet-Mask/dp/B07T32XPCW/ref=sr_1_15?crid=2CAHDTR5AV0UH&keywords=skII&qid=1665564619&qu=eyJxc2MiOiIzLjYxIiwicXNhIjoiMi45NiIsInFzcCI6IjIuODAifQ%3D%3D&sprefix=skii%2Caps%2C408&sr=8-15,2022-10-12
"OutdoorMaster Ski Goggles PRO - Frameless, Interchangeable Lens 100% UV400 Protection Snow Goggles for Men & Women","
                    £37.99
                   ","
                      4.6 out of 5 stars
                     ","
                    7,834
                   ",https://www.amazon.com/OutdoorMaster-Ski-Goggles-PRO-Interchangeable/dp/B014XKTFI0/ref=sr_1_16?crid=2CAHDTR5AV0UH&keywords=skII&qid=1665564619&qu=eyJxc2MiOiIzLjYxIiwicXNhIjoiMi45NiIsInFzcCI6IjIuODAifQ%3D%3D&sprefix=skii%2Caps%2C408&sr=8-16,2022-10-12
Retinol Moisturizer for Face (120ml) – Anti Ageing Face Cream Reduces Scars Ance and Wrinkles with Hyaluronic Acid and Vitamin E,"
                    £18.88
                   ","
                      4.2 out of 5 stars
                     ","
                    7,345
                   ",https://www.amazon.com/2-5-Retinol-Moisturizer-Face-120ml/dp/B017XZVYMC/ref=sr_1_17?crid=2CAHDTR5AV0UH&keywords=skII&qid=1665564619&qu=eyJxc2MiOiIzLjYxIiwicXNhIjoiMi45NiIsInFzcCI6IjIuODAifQ%3D%3D&sprefix=skii%2Caps%2C408&sr=8-17,2022-10-12
Skinfood Facial Mask Rice Wash Off - 3.52 Oz,"
                    £13.00
                   ","
                      4.4 out of 5 stars
                     ","
                    127
                   ",https://www.amazon.com/Skin-food-Rice-Mask-Ounce/dp/B004FKNYWW/ref=sr_1_18?crid=2CAHDTR5AV0UH&keywords=skII&qid=1665564619&qu=eyJxc2MiOiIzLjYxIiwicXNhIjoiMi45NiIsInFzcCI6IjIuODAifQ%3D%3D&sprefix=skii%2Caps%2C408&sr=8-18,2022-10-12
Balaclava Ski Mask for Men Women Face Mask for Cold Weather Winter Windproof Outdoors in Winter Neck Warmer Multifunctional Sports Cold Weather Gear,"
                    £12.88
                   ","
                      4.1 out of 5 stars
                     ","
                    1,748
                   ",https://www.amazon.com/Balaclava-Windproof-Motorcycle-Multifunctional-Snowboard/dp/B0756RNPR8/ref=sr_1_19?crid=2CAHDTR5AV0UH&keywords=skII&qid=1665564619&qu=eyJxc2MiOiIzLjYxIiwicXNhIjoiMi45NiIsInFzcCI6IjIuODAifQ%3D%3D&sprefix=skii%2Caps%2C408&sr=8-19,2022-10-12
"SLOPE WARRIOR Cosmic Rider Merino Wool Alpine Performance Socks, for Men, Women, Shin Padding, Fast Drying, Warm, Knee High Thermal Socks for Ski, Snowboarding and Mountaineering","
                    £18.60
                   ","
                      4.1 out of 5 stars
                     ","
                    4
                   ",https://www.amazon.com/SLOPE-WARRIOR-Cosmic-Rider-High-Performance/dp/B07SX7RL28/ref=sr_1_20?crid=2CAHDTR5AV0UH&keywords=skII&qid=1665564619&qu=eyJxc2MiOiIzLjYxIiwicXNhIjoiMi45NiIsInFzcCI6IjIuODAifQ%3D%3D&sprefix=skii%2Caps%2C408&sr=8-20,2022-10-12
NORTIV 8 Men's 170410 Insulated Waterproof Construction Hiking Winter Snow Boots,"
                    £46.99
                   ","
                      4.4 out of 5 stars
                     ","
                    4,198
                   ",https://www.amazon.com/NORTIV-170410-Waterproof-Winter-Boots/dp/B07FS7B753/ref=sr_1_21?crid=2CAHDTR5AV0UH&keywords=skII&qid=1665564619&qu=eyJxc2MiOiIzLjYxIiwicXNhIjoiMi45NiIsInFzcCI6IjIuODAifQ%3D%3D&sprefix=skii%2Caps%2C408&sr=8-21,2022-10-12
"Snowledge Ski Snowboard Goggles with UV400 Protection, Skiing Snowboarding Goggles of Dual Lens with Anti Fog for Men, Women,Helmet Compatible","
                    £27.99
                   ","
                      4.5 out of 5 stars
                     ","
                    782
                   ",https://www.amazon.com/Snowledge-Snowboard-Goggles-Protection-Compatible/dp/B07GQN2PJ4/ref=sr_1_22?crid=2CAHDTR5AV0UH&keywords=skII&qid=1665564619&qu=eyJxc2MiOiIzLjYxIiwicXNhIjoiMi45NiIsInFzcCI6IjIuODAifQ%3D%3D&sprefix=skii%2Caps%2C408&sr=8-22,2022-10-12
"Merino Wool Ski Socks, Cold Weather Knee-High Thermal Socks for Winter, Snow, Snowboarding, Hiking","
                    £22.31
                   ","
                      4.7 out of 5 stars
                     ","
                    122
                   ",https://www.amazon.com/Merino-Weather-Knee-High-Thermal-Snowboarding/dp/B09M3HCSGS/ref=sr_1_23?crid=2CAHDTR5AV0UH&keywords=skII&qid=1665564619&qu=eyJxc2MiOiIzLjYxIiwicXNhIjoiMi45NiIsInFzcCI6IjIuODAifQ%3D%3D&sprefix=skii%2Caps%2C408&sr=8-23,2022-10-12
OutdoorMaster Ski Goggles PRO Replacement Lens,"
                    £27.99
                   ","
                      4.6 out of 5 stars
                     ","
                    2,372
                   ",https://www.amazon.com/OutdoorMaster-Ski-Goggles-Replacement-Lens/dp/B074JY1NHC/ref=sr_1_24?crid=2CAHDTR5AV0UH&keywords=skII&qid=1665564619&qu=eyJxc2MiOiIzLjYxIiwicXNhIjoiMi45NiIsInFzcCI6IjIuODAifQ%3D%3D&sprefix=skii%2Caps%2C408&sr=8-24,2022-10-12
"Merino Wool Socks High Performance Compression Ski Socks Mens and Women Thermal Knee High Socks, 2 Pairs","
                    £25.99
                   ","
                      4.4 out of 5 stars
                     ","
                    39
                   ",https://www.amazon.com/Merino-Performance-Compression-Socks-Thermal/dp/B09MD5RHY3/ref=sr_1_25?crid=2CAHDTR5AV0UH&keywords=skII&qid=1665564619&qu=eyJxc2MiOiIzLjYxIiwicXNhIjoiMi45NiIsInFzcCI6IjIuODAifQ%3D%3D&sprefix=skii%2Caps%2C408&sr=8-25,2022-10-12
DREAM PAIRS Women’s Waterproof Wellington Duck Rain Boots Outdoor Ankle Low Heel Snow Boots Ladies Originals Lace-up Winter Boots,"
                    £29.99
                   ","
                      5.0 out of 5 stars
                     ","
                    1
                   ",https://www.amazon.com/DREAM-PAIRS-Originals-Waterproof-SDSB2211W-1/dp/B09ZLGFH4D/ref=sr_1_26?crid=2CAHDTR5AV0UH&keywords=skII&qid=1665564619&qu=eyJxc2MiOiIzLjYxIiwicXNhIjoiMi45NiIsInFzcCI6IjIuODAifQ%3D%3D&sprefix=skii%2Caps%2C408&sr=8-26,2022-10-12
"RAYZOR Ski Goggles Snowboard Goggles For Men & Women – OTG Ski Mask with UV400 Protection – Anti-Fog and Shatterproof Skiing Goggles, Anti-Glare Protective Goggles for Men Women Boys & Girls","
                    £21.95
                   ","
                      4.5 out of 5 stars
                     ","
                    869
                   ",https://www.amazon.com/Rayzor-Protection-Comfortable-Shatterproof-Snowmobiles/dp/B002MQ6LTY/ref=sr_1_27?crid=2CAHDTR5AV0UH&keywords=skII&qid=1665564619&qu=eyJxc2MiOiIzLjYxIiwicXNhIjoiMi45NiIsInFzcCI6IjIuODAifQ%3D%3D&sprefix=skii%2Caps%2C408&sr=8-27,2022-10-12
5 Pairs Mens High Performance Thermal Ski Socks - Multicoloured - Mens UK Size 6-11 (EU 39-45),"
                    £11.95
                   ","
                      4.3 out of 5 stars
                     ","
                    363
                   ",https://www.amazon.com/SX167-6-11-Mens-Socks-Pack-6-11/dp/B08M3QKF95/ref=sr_1_28?crid=2CAHDTR5AV0UH&keywords=skII&qid=1665564619&qu=eyJxc2MiOiIzLjYxIiwicXNhIjoiMi45NiIsInFzcCI6IjIuODAifQ%3D%3D&sprefix=skii%2Caps%2C408&sr=8-28,2022-10-12
"SPOSUNE OTG Ski Goggles - Over Glasses Snow Snowboard Goggle with Anti fog Dual lens for Men Women Youth Kids Skiing Skating Snowmobile, Windproof UV400 Protection Winter Sports Protective Glasses","
                    £25.99
                   ","
                      4.6 out of 5 stars
                     ","
                    705
                   ",https://www.amazon.com/SPOSUNE-Protection-Spherical-Snowboard-Compatible/dp/B07WP2LSLR/ref=sr_1_29?crid=2CAHDTR5AV0UH&keywords=skII&qid=1665564619&qu=eyJxc2MiOiIzLjYxIiwicXNhIjoiMi45NiIsInFzcCI6IjIuODAifQ%3D%3D&sprefix=skii%2Caps%2C408&sr=8-29,2022-10-12
SAITAG Balaclava Ski Mask Warm Face Mask for Cold Weather Winter Skiing Snowboarding Motorcycling Ice Fishing Men,"
                    £17.59
                   ","
                      4.6 out of 5 stars
                     ","
                    364
                   ",https://www.amazon.com/SAITAG-Balaclava-Weather-Snowboarding-Motorcycling/dp/B09D2VX1F6/ref=sr_1_30?crid=2CAHDTR5AV0UH&keywords=skII&qid=1665564619&qu=eyJxc2MiOiIzLjYxIiwicXNhIjoiMi45NiIsInFzcCI6IjIuODAifQ%3D%3D&sprefix=skii%2Caps%2C408&sr=8-30,2022-10-12
"2 Pairs Men's Wool Socks, 80% Merino, Hiking Walking Thermal Athletic Socks for Winter Outdoor Recreation Trekking Climbing(UK M-L)","
                    £11.99
                   ","
                      4.4 out of 5 stars
                     ","
                    513
                   ",https://www.amazon.com/Walking-Athletic-Recreation-Trekking-Climbing/dp/B07XGK6VDJ/ref=sr_1_31?crid=2CAHDTR5AV0UH&keywords=skII&qid=1665564619&qu=eyJxc2MiOiIzLjYxIiwicXNhIjoiMi45NiIsInFzcCI6IjIuODAifQ%3D%3D&sprefix=skii%2Caps%2C408&sr=8-31,2022-10-12
"Mountain Warehouse Kids Ski Jacket & Trousers Set - Snowproof Ski Outfit, Front Pockets, Fleece Lined Skiwear, Integrated Snowskirt - Best for Winter Snowboarding","
                    £59.99
                   ","
                      4.6 out of 5 stars
                     ","
                    1,423
                   ",https://www.amazon.com/Mountain-Warehouse-Kids-Jacket-Trousers/dp/B08SKQJ5R6/ref=sr_1_32?crid=2CAHDTR5AV0UH&keywords=skII&qid=1665564619&qu=eyJxc2MiOiIzLjYxIiwicXNhIjoiMi45NiIsInFzcCI6IjIuODAifQ%3D%3D&sprefix=skii%2Caps%2C408&sr=8-32,2022-10-12
"DANISH ENDURANCE Merino Wool Performance Ski Socks, Shin Padding, for Men, Women, Kids, 1 Pack","
                      £26.95
                     ","
                        4.4 out of 5 stars
                       ","
                      3,455
                     ",https://www.amazon.com/sspa/click?ie=UTF8&spc=MTo3ODAxMjgwNjY5Njk1NjU4OjE2NjU1NjQ2MTk6c3BfbXRmOjIwMDcwNDgxMjAzMTA4OjowOjo&sp_csd=d2lkZ2V0TmFtZT1zcF9tdGY&url=%2FDANISH-ENDURANCE-Alpine-Performance-Yellow%2Fdp%2FB07G4BYKTC%2Fref%3Dsr_1_33_sspa%3Fcrid%3D2CAHDTR5AV0UH%26keywords%3DskII%26qid%3D1665564619%26qu%3DeyJxc2MiOiIzLjYxIiwicXNhIjoiMi45NiIsInFzcCI6IjIuODAifQ%253D%253D%26sprefix%3Dskii%252Caps%252C408%26sr%3D8-33-spons%26psc%3D1,2022-10-12
AKSIUM ACCESS,"
                      £38.96
                     ","
                        4.5 out of 5 stars
                       ","
                      656
                     ",https://www.amazon.com/sspa/click?ie=UTF8&spc=MTo3ODAxMjgwNjY5Njk1NjU4OjE2NjU1NjQ2MTk6c3BfbXRmOjIwMDgxNTY2OTkzNTk4OjowOjo&sp_csd=d2lkZ2V0TmFtZT1zcF9tdGY&url=%2FSalomon-Aksium-Goggles-Universal-L40846100%2Fdp%2FB07WKN59J7%2Fref%3Dsr_1_34_sspa%3Fcrid%3D2CAHDTR5AV0UH%26keywords%3DskII%26qid%3D1665564619%26qu%3DeyJxc2MiOiIzLjYxIiwicXNhIjoiMi45NiIsInFzcCI6IjIuODAifQ%253D%253D%26sprefix%3Dskii%252Caps%252C408%26sr%3D8-34-spons%26psc%3D1,2022-10-12
"JVR Blackhead Remover Mask for Men, Bamboo Charcoal Peel Off Black Mask, Purifying & Deep Cleansing for All Skin Types 120g","
                      £9.99
                     ","
                        4.0 out of 5 stars
                       ","
                      504
                     ",https://www.amazon.com/sspa/click?ie=UTF8&spc=MTo3ODAxMjgwNjY5Njk1NjU4OjE2NjU1NjQ2MTk6c3BfbXRmOjIwMDc2NTczMzAyMzk4OjowOjo&sp_csd=d2lkZ2V0TmFtZT1zcF9tdGY&url=%2FJVR-Blackhead-Charcoal-Purifying-Cleansing%2Fdp%2FB087JBPNT5%2Fref%3Dsr_1_35_sspa%3Fcrid%3D2CAHDTR5AV0UH%26keywords%3DskII%26qid%3D1665564619%26qu%3DeyJxc2MiOiIzLjYxIiwicXNhIjoiMi45NiIsInFzcCI6IjIuODAifQ%253D%253D%26sprefix%3Dskii%252Caps%252C408%26sr%3D8-35-spons%26psc%3D1,2022-10-12
REN Clean Skincare Supersize Overnight Recovery Balm 50ml,"
                      £49.00
                     ",,"
                     (£98.00/100 ml)
                    ",https://www.amazon.com/sspa/click?ie=UTF8&spc=MTo3ODAxMjgwNjY5Njk1NjU4OjE2NjU1NjQ2MTk6c3BfbXRmOjIwMDY4Mjg2NjY1ODk4OjowOjo&sp_csd=d2lkZ2V0TmFtZT1zcF9tdGY&url=%2FREN-Clean-Skincare-Supersize-Overnight%2Fdp%2FB09NQFPQ4N%2Fref%3Dsr_1_36_sspa%3Fcrid%3D2CAHDTR5AV0UH%26keywords%3DskII%26qid%3D1665564619%26qu%3DeyJxc2MiOiIzLjYxIiwicXNhIjoiMi45NiIsInFzcCI6IjIuODAifQ%253D%253D%26smid%3DA3P5ROKL5A1OLE%26sprefix%3Dskii%252Caps%252C408%26sr%3D8-36-spons%26psc%3D1,2022-10-12
Blulu Ski Mask Winter Balaclava Ski Mask Warm Full Face Ski Mask Thermal Men Ski Mask 3 Hole Knit Face Mask for Outdoor Sports,"
                    £7.59
                   ","
                      3.9 out of 5 stars
                     ","
                    92
                   ",https://www.amazon.com/Winter-Balaclava-Thermal-3-Hole-Outdoor/dp/B09J16SXYJ/ref=sr_1_37?crid=2CAHDTR5AV0UH&keywords=skII&qid=1665564619&qu=eyJxc2MiOiIzLjYxIiwicXNhIjoiMi45NiIsInFzcCI6IjIuODAifQ%3D%3D&sprefix=skii%2Caps%2C408&sr=8-37,2022-10-12
"coskefy Thermal Gloves, -20℉ Coldproof Touchscreen Ski Gloves Waterproof Winter Gloves 3M Thinsulate Snow Gloves for Walking Snowboarding Hiking Outdoor","
                    £11.04
                   ","
                      4.5 out of 5 stars
                     ","
                    1,967
                   ",https://www.amazon.com/coskefy-Thermal-Thinsulate-Touchscreen-Snowboarding/dp/B07HGQMK4H/ref=sr_1_38?crid=2CAHDTR5AV0UH&keywords=skII&qid=1665564619&qu=eyJxc2MiOiIzLjYxIiwicXNhIjoiMi45NiIsInFzcCI6IjIuODAifQ%3D%3D&smid=A3PNIR7C4EEUQS&sprefix=skii%2Caps%2C408&sr=8-38,2022-10-12
BODY ARMOUR CE MOTORBIKE/MOTORCYCLE/MOTOCROSS SKIING SKATING SNOW BOARD IMPACT PADDED SPINE GUARD PROTECTIVE SUIT (M),"
                    £49.99
                   ","
                      3.5 out of 5 stars
                     ","
                    8
                   ",https://www.amazon.com/ARMOUR-MOTORBIKE-MOTORCYCLE-MOTOCROSS-PROTECTIVE/dp/B07DCFMPB3/ref=sr_1_39?crid=2CAHDTR5AV0UH&keywords=skII&qid=1665564619&qu=eyJxc2MiOiIzLjYxIiwicXNhIjoiMi45NiIsInFzcCI6IjIuODAifQ%3D%3D&sprefix=skii%2Caps%2C408&sr=8-39,2022-10-12
4 Pairs of Mens High Performance Thermal Ski Socks-Assorted-UK 6 - 11 ( Eur 39 - 45 ),"
                    £12.95
                   ","
                      4.5 out of 5 stars
                     ","
                    4,028
                   ",https://www.amazon.com/Pairs-Mens-Performance-Thermal-Socks-Assorted-UK/dp/B01N59WFGI/ref=sr_1_40?crid=2CAHDTR5AV0UH&keywords=skII&qid=1665564619&qu=eyJxc2MiOiIzLjYxIiwicXNhIjoiMi45NiIsInFzcCI6IjIuODAifQ%3D%3D&sprefix=skii%2Caps%2C408&sr=8-40,2022-10-12
Sakkas Booker Cashmere Feel Solid Colored Unisex Winter Scarf With Fringe,"
                    £12.99
                   ","
                      4.4 out of 5 stars
                     ","
                    443
                   ",https://www.amazon.com/Sakkas-1590-Booker-Cashmere-Colored/dp/B07CP2KVM9/ref=sr_1_42?crid=2CAHDTR5AV0UH&keywords=skII&qid=1665564619&qu=eyJxc2MiOiIzLjYxIiwicXNhIjoiMi45NiIsInFzcCI6IjIuODAifQ%3D%3D&sprefix=skii%2Caps%2C408&sr=8-42,2022-10-12
"L'Oréal Paris Perfect Golden Age Re-Activating Essence, 125ml","
                    £16.99
                   ","
                      4.5 out of 5 stars
                     ","
                    631
                   ",https://www.amazon.com/LOr%C3%A9al-Perfect-Golden-Re-Activating-Essence/dp/B01AIPJ4A8/ref=sr_1_43?crid=2CAHDTR5AV0UH&keywords=skII&qid=1665564619&qu=eyJxc2MiOiIzLjYxIiwicXNhIjoiMi45NiIsInFzcCI6IjIuODAifQ%3D%3D&sprefix=skii%2Caps%2C408&sr=8-43,2022-10-12
donhobo Men's Fleece Jacket Winter Waterproof Warm Ski Jackets Windproof Coat With Zip Pockets Hood,"
                    £51.98
                   ","
                      4.4 out of 5 stars
                     ","
                    2,559
                   ",https://www.amazon.com/donhobo-Waterproof-Jackets-Windproof-Pockets/dp/B0787PLRXM/ref=sr_1_44?crid=2CAHDTR5AV0UH&keywords=skII&qid=1665564619&qu=eyJxc2MiOiIzLjYxIiwicXNhIjoiMi45NiIsInFzcCI6IjIuODAifQ%3D%3D&sprefix=skii%2Caps%2C408&sr=8-44,2022-10-12
Sock Stack 4 Pairs Of Mens Performance Ski Sock Long Thermal Heat Pro Winter Cushioned Arch Support Snowboard Socks With Full Terry Socks UK Size 6-11,"
                    £9.95
                   ","
                      4.2 out of 5 stars
                     ","
                    223
                   ",https://www.amazon.com/Sock-Stack-Performance-Cushioned-Snowboard/dp/B07YRXCDVJ/ref=sr_1_45?crid=2CAHDTR5AV0UH&keywords=skII&qid=1665564619&qu=eyJxc2MiOiIzLjYxIiwicXNhIjoiMi45NiIsInFzcCI6IjIuODAifQ%3D%3D&sprefix=skii%2Caps%2C408&sr=8-45,2022-10-12
DREAM PAIRS Boys Girls Faux Fur Lined Winter Snow Boots (Toddler/Little Kid/Big Kid) Shorty-K,"
                    £29.99
                   ","
                      4.6 out of 5 stars
                     ","
                    6,149
                   ",https://www.amazon.com/Dream-Shorty-K-Chesnut-Sheepskin-Winter/dp/B07MZSY43Q/ref=sr_1_46?crid=2CAHDTR5AV0UH&keywords=skII&qid=1665564619&qu=eyJxc2MiOiIzLjYxIiwicXNhIjoiMi45NiIsInFzcCI6IjIuODAifQ%3D%3D&sprefix=skii%2Caps%2C408&sr=8-46,2022-10-12
"SECRET KEY Starting Treatment Essence Rose Edition 5.07 fl.oz. (150ml) - 94% Galactonyces Fermented Filtrate & Rose Flower Water, Anti-Wrikle & Moisturizing First Step Skin Care Essence, Paraben Free","
                    £23.95
                   ","
                      4.6 out of 5 stars
                     ","
                    206
                   ",https://www.amazon.com/Secret-Key-Starting-Treatment-Essence_Rose/dp/B01HCH690S/ref=sr_1_47?crid=2CAHDTR5AV0UH&keywords=skII&qid=1665564619&qu=eyJxc2MiOiIzLjYxIiwicXNhIjoiMi45NiIsInFzcCI6IjIuODAifQ%3D%3D&sprefix=skii%2Caps%2C408&sr=8-47,2022-10-12
4 Pairs High Performance Ladies Ski Socks Long Hose Thermal Socks-Assorted-UK 4 - 7,"
                    £12.95
                   ","
                      4.5 out of 5 stars
                     ","
                    2,891
                   ",https://www.amazon.com/Pairs-Performance-Ladies-Thermal-Socks-Assorted-UK/dp/B01N5MCB4M/ref=sr_1_48?crid=2CAHDTR5AV0UH&keywords=skII&qid=1665564619&qu=eyJxc2MiOiIzLjYxIiwicXNhIjoiMi45NiIsInFzcCI6IjIuODAifQ%3D%3D&sprefix=skii%2Caps%2C408&sr=8-48,2022-10-12
"Odoland OTG Ski Goggles Set with Detachable Lens, Frameless Interchangeable Magnetic Lens for Skiing Skating Snowboard, Anti-Fog and UV400 Protection Snow Goggles for Men and Women","
                    £39.99
                   ","
                      4.6 out of 5 stars
                     ","
                    492
                   ",https://www.amazon.com/Odoland-Detachable-Interchangeable-Snowmobiles-Protection/dp/B08CGZMM1C/ref=sr_1_50?crid=2CAHDTR5AV0UH&keywords=skII&qid=1665564619&qu=eyJxc2MiOiIzLjYxIiwicXNhIjoiMi45NiIsInFzcCI6IjIuODAifQ%3D%3D&sprefix=skii%2Caps%2C408&sr=8-50,2022-10-12
"Winter Neck Warmer Neck Gaiter Ski Snood for Men with Thermal Fleece Waterproof Fabric, Face Covering Multifunction Headwear Elastic Tube Face Scarf Face Shield for Sports Cycling Skiing, Running","
                    £8.99
                   ","
                      4.4 out of 5 stars
                     ","
                    607
                   ",https://www.amazon.com/Thermal-Waterproof-Covering-Multifunction-Headwear/dp/B08P3JBG38/ref=sr_1_51?crid=2CAHDTR5AV0UH&keywords=skII&qid=1665564619&qu=eyJxc2MiOiIzLjYxIiwicXNhIjoiMi45NiIsInFzcCI6IjIuODAifQ%3D%3D&sprefix=skii%2Caps%2C408&sr=8-51,2022-10-12
"DANISH ENDURANCE Merino Wool Performance Ski Socks, Shin Padding, for Men, Women, Kids, 1 Pack","
                    £26.95
                   ","
                      4.4 out of 5 stars
                     ","
                    3,455
                   ",https://www.amazon.com/DANISH-ENDURANCE-Alpine-Performance-Socks/dp/B07HKB1RS2/ref=sr_1_52?crid=2CAHDTR5AV0UH&keywords=skII&qid=1665564619&qu=eyJxc2MiOiIzLjYxIiwicXNhIjoiMi45NiIsInFzcCI6IjIuODAifQ%3D%3D&sprefix=skii%2Caps%2C408&sr=8-52,2022-10-12
"findway Ski Goggles, Skiing Goggles For Snowboard Jet Snow, For Women Men Ladies Youth Teen OTG Over Helmet Compatible, Anti-fog 100% UV Protection, Anti-glare Ski Goggles, For Skiing Snowboarding","
                    £19.99
                   ","
                      4.5 out of 5 stars
                     ","
                    1,258
                   ",https://www.amazon.com/findway-Compatible-Protection-Anti-glare-Snowboarding/dp/B07MVWWZ3X/ref=sr_1_53?crid=2CAHDTR5AV0UH&keywords=skII&qid=1665564619&qu=eyJxc2MiOiIzLjYxIiwicXNhIjoiMi45NiIsInFzcCI6IjIuODAifQ%3D%3D&sprefix=skii%2Caps%2C408&sr=8-53,2022-10-12
"DANISH ENDURANCE Merino Wool Performance Ski Socks, Shin Padding, for Men, Women, Kids, 2 Pack","
                    £37.95
                   ","
                      4.5 out of 5 stars
                     ","
                    827
                   ",https://www.amazon.com/Alpine-Performance-Socks-packs-Multicolour/dp/B07XYZXYCS/ref=sr_1_54?crid=2CAHDTR5AV0UH&keywords=skII&qid=1665564619&qu=eyJxc2MiOiIzLjYxIiwicXNhIjoiMi45NiIsInFzcCI6IjIuODAifQ%3D%3D&sprefix=skii%2Caps%2C408&sr=8-54,2022-10-12
YEKEYI Women Balaclava Hood hat Winter Cashmere Knitted Beanie Hats Ski Mask Ski Cap Outdoor,"
                    £19.99
                   ","
                      3.9 out of 5 stars
                     ","
                    23
                   ",https://www.amazon.com/YEKEYI-Balaclava-Cashmere-Knitted-Outdoor/dp/B08MT6ZZ4F/ref=sr_1_55?crid=2CAHDTR5AV0UH&keywords=skII&qid=1665564619&qu=eyJxc2MiOiIzLjYxIiwicXNhIjoiMi45NiIsInFzcCI6IjIuODAifQ%3D%3D&sprefix=skii%2Caps%2C408&sr=8-55,2022-10-12
GG ST Balaclava Windproof Ski Mask Winter Thermal Fleece Hood Heavyweight Neck Warmer Snood Outdoor Sports Face Covers Hat For Men & Women,"
                    £13.99
                   ","
                      4.3 out of 5 stars
                     ","
                    2,607
                   ",https://www.amazon.com/GG-ST-Balaclava-Windproof-Heavyweight/dp/B07GNTHWN6/ref=sr_1_56?crid=2CAHDTR5AV0UH&keywords=skII&qid=1665564619&qu=eyJxc2MiOiIzLjYxIiwicXNhIjoiMi45NiIsInFzcCI6IjIuODAifQ%3D%3D&sprefix=skii%2Caps%2C408&sr=8-56,2022-10-12
donhobo Men's Fleece Jacket Winter Waterproof Warm Ski Jackets Windproof Coat With Zip Pockets Hood,"
                      £51.98
                     ","
                        4.4 out of 5 stars
                       ","
                      2,559
                     ",https://www.amazon.com/sspa/click?ie=UTF8&spc=MTo3ODAxMjgwNjY5Njk1NjU4OjE2NjU1NjQ2MTk6c3BfYnRmOjIwMDQzMDM2MDk2MjA2OjowOjo&sp_csd=d2lkZ2V0TmFtZT1zcF9idGY&url=%2Fdonhobo-Waterproof-Jackets-Windproof-Pockets%2Fdp%2FB0787PLRXM%2Fref%3Dsr_1_57_sspa%3Fcrid%3D2CAHDTR5AV0UH%26keywords%3DskII%26qid%3D1665564619%26qu%3DeyJxc2MiOiIzLjYxIiwicXNhIjoiMi45NiIsInFzcCI6IjIuODAifQ%253D%253D%26sprefix%3Dskii%252Caps%252C408%26sr%3D8-57-spons%26psc%3D1,2022-10-12
"NIVEA Cellular LUMINOUS 630 Anti-Dark Spot Advanced Treatment Serum (30ml), Face Serum for Women, Facial Serum For Luminous Skin","
                      £10.00
                     ","
                        4.3 out of 5 stars
                       ","
                      520
                     ",https://www.amazon.com/sspa/click?ie=UTF8&spc=MTo3ODAxMjgwNjY5Njk1NjU4OjE2NjU1NjQ2MTk6c3BfYnRmOjIwMDI3OTMzOTI2ODk4OjowOjo&sp_csd=d2lkZ2V0TmFtZT1zcF9idGY&url=%2FNIVEA-Cellular-LUMINOUS-Anti-Dark-Treatment%2Fdp%2FB096R4DM7Y%2Fref%3Dsr_1_58_sspa%3Fcrid%3D2CAHDTR5AV0UH%26keywords%3DskII%26qid%3D1665564619%26qu%3DeyJxc2MiOiIzLjYxIiwicXNhIjoiMi45NiIsInFzcCI6IjIuODAifQ%253D%253D%26smid%3DA3P5ROKL5A1OLE%26sprefix%3Dskii%252Caps%252C408%26sr%3D8-58-spons%26psc%3D1,2022-10-12
"RAYZOR Ski Goggles Snowboard Goggles For Men & Women – OTG Ski Mask with UV400 Protection – Anti-Fog and Shatterproof Skiing Goggles, Anti-Glare Protective Goggles for Men Women Boys & Girls","
                      £21.95
                     ","
                        4.5 out of 5 stars
                       ","
                      869
                     ",https://www.amazon.com/sspa/click?ie=UTF8&spc=MTo3ODAxMjgwNjY5Njk1NjU4OjE2NjU1NjQ2MTk6c3BfYXRmOjIwMDE2NTI2MzAyMzk4OjowOjo&sp_csd=d2lkZ2V0TmFtZT1zcF9hdGY&url=%2FRayzor-Protection-Comfortable-Shatterproof-Snowmobiles%2Fdp%2FB002MQ6LTY%2Fref%3Dsr_1_1_sspa%3Fcrid%3D2CAHDTR5AV0UH%26keywords%3DskII%26qid%3D1665564619%26qu%3DeyJxc2MiOiIzLjYxIiwicXNhIjoiMi45NiIsInFzcCI6IjIuODAifQ%253D%253D%26sprefix%3Dskii%252Caps%252C408%26sr%3D8-1-spons%26psc%3D1,2022-10-12
Handle Double Shoulder Strap Easily 2Pcs Activities Fixing Fixing Belt Skis Strap Power Training Convenient for Family Skiing Activities,"
                      £10.49
                     ",,,https://www.amazon.com/sspa/click?ie=UTF8&spc=MTo3ODAxMjgwNjY5Njk1NjU4OjE2NjU1NjQ2MTk6c3BfYXRmOjIwMDcxMjg1MDcwMjk4OjowOjo&sp_csd=d2lkZ2V0TmFtZT1zcF9hdGY&url=%2FHandle-Shoulder-Activities-Training-Convenient%2Fdp%2FB09285W6B1%2Fref%3Dsr_1_2_sspa%3Fcrid%3D2CAHDTR5AV0UH%26keywords%3DskII%26qid%3D1665564619%26qu%3DeyJxc2MiOiIzLjYxIiwicXNhIjoiMi45NiIsInFzcCI6IjIuODAifQ%253D%253D%26sprefix%3Dskii%252Caps%252C408%26sr%3D8-2-spons%26psc%3D1,2022-10-12
IMIKEYA 6pcs Ski Straps Adjustable Ski Wraps Ties Ski Board Carrier Fastener Tape Colorful Tape Strap Band for Outdoor Skiing,"
                      £13.29
                     ",,,https://www.amazon.com/sspa/click?ie=UTF8&spc=MTo3ODAxMjgwNjY5Njk1NjU4OjE2NjU1NjQ2MTk6c3BfYXRmOjIwMDU5ODYxMzgwNjAxOjowOjo&sp_csd=d2lkZ2V0TmFtZT1zcF9hdGY&url=%2FIMIKEYA-Adjustable-Carrier-Fastener-Colorful%2Fdp%2FB08YQRQ6B7%2Fref%3Dsr_1_3_sspa%3Fcrid%3D2CAHDTR5AV0UH%26keywords%3DskII%26qid%3D1665564619%26qu%3DeyJxc2MiOiIzLjYxIiwicXNhIjoiMi45NiIsInFzcCI6IjIuODAifQ%253D%253D%26sprefix%3Dskii%252Caps%252C408%26sr%3D8-3-spons%26psc%3D1,2022-10-12
"Pinsofy Ski Shoulder Carrier, Power Training Portable Ski and Pole Carrier Strap, Adjustable 43.3in Skiing Skiers Pole for Fixing Ski","
                      £10.18
                     ",,,https://www.amazon.com/sspa/click?ie=UTF8&spc=MTo3ODAxMjgwNjY5Njk1NjU4OjE2NjU1NjQ2MTk6c3BfYXRmOjIwMDQ2NTYyNDczMjAyOjowOjo&sp_csd=d2lkZ2V0TmFtZT1zcF9hdGY&url=%2FPinsofy-Shoulder-Training-Portable-Adjustable%2Fdp%2FB08P93CBQV%2Fref%3Dsr_1_4_sspa%3Fcrid%3D2CAHDTR5AV0UH%26keywords%3DskII%26qid%3D1665564619%26qu%3DeyJxc2MiOiIzLjYxIiwicXNhIjoiMi45NiIsInFzcCI6IjIuODAifQ%253D%253D%26sprefix%3Dskii%252Caps%252C408%26sr%3D8-4-spons%26psc%3D1,2022-10-12
SK-II Facial Treatment Essence Pitera 7.7oz,"
                    £212.00
                   ","
                      4.4 out of 5 stars
                     ","
                    237
                   ",https://www.amazon.com/SK-II-Facial-Treatment-Essence-Pitera/dp/B01M599DYT/ref=sr_1_5?crid=2CAHDTR5AV0UH&keywords=skII&qid=1665564619&qu=eyJxc2MiOiIzLjYxIiwicXNhIjoiMi45NiIsInFzcCI6IjIuODAifQ%3D%3D&sprefix=skii%2Caps%2C408&sr=8-5,2022-10-12
SK-II GENOPTICS Aura Essence 50ml 2016,"
                    £174.95
                   ","
                      4.1 out of 5 stars
                     ","
                    76
                   ",https://www.amazon.com/SK-II-GENOPTICS-AURA-ESSENCE-50ml/dp/B01BF1SC6Q/ref=sr_1_6?crid=2CAHDTR5AV0UH&keywords=skII&qid=1665564619&qu=eyJxc2MiOiIzLjYxIiwicXNhIjoiMi45NiIsInFzcCI6IjIuODAifQ%3D%3D&sprefix=skii%2Caps%2C408&sr=8-6,2022-10-12
SK-II Facial Treatment Gentle Cleanser - 120ml,"
                    £77.00
                   ","
                      4.1 out of 5 stars
                     ","
                    66
                   ",https://www.amazon.com/SK-II-Cleanser-Facial-Treatment/dp/B00ANEU7HY/ref=sr_1_7?crid=2CAHDTR5AV0UH&keywords=skII&qid=1665564619&qu=eyJxc2MiOiIzLjYxIiwicXNhIjoiMi45NiIsInFzcCI6IjIuODAifQ%3D%3D&sprefix=skii%2Caps%2C408&sr=8-7,2022-10-12
SK-II - Facial Treatment Clear Lotion (230ml),"
                    £83.95
                   ","
                      4.4 out of 5 stars
                     ","
                    189
                   ",https://www.amazon.com/SK-II-Facial-Treatment-Clear-Lotion/dp/B06ZZYQXJG/ref=sr_1_8?crid=2CAHDTR5AV0UH&keywords=skII&qid=1665564619&qu=eyJxc2MiOiIzLjYxIiwicXNhIjoiMi45NiIsInFzcCI6IjIuODAifQ%3D%3D&sprefix=skii%2Caps%2C408&sr=8-8,2022-10-12
Facial Treatment Mask SKII 10 Pcs Treatment For Unisex,"
                    £116.68
                   ","
                      4.4 out of 5 stars
                     ","
                    203
                   ",https://www.amazon.com/Facial-Treatment-Mask-SKII-Unisex/dp/B00JDVP18S/ref=sr_1_9?crid=2CAHDTR5AV0UH&keywords=skII&qid=1665564619&qu=eyJxc2MiOiIzLjYxIiwicXNhIjoiMi45NiIsInFzcCI6IjIuODAifQ%3D%3D&sprefix=skii%2Caps%2C408&sr=8-9,2022-10-12
SK II Facial Treatment Essence 230ml,"
                    £177.21
                   ","
                      4.3 out of 5 stars
                     ","
                    526
                   ",https://www.amazon.com/SK-Facial-Treatment-Essence-230ml/dp/B01296JRMO/ref=sr_1_10?crid=2CAHDTR5AV0UH&keywords=skII&qid=1665564619&qu=eyJxc2MiOiIzLjYxIiwicXNhIjoiMi45NiIsInFzcCI6IjIuODAifQ%3D%3D&sprefix=skii%2Caps%2C408&sr=8-10,2022-10-12
SK-II R.N.A Power Radical New Age Eye Cream 0.5oz,"
                    £99.98
                   ","
                      4.0 out of 5 stars
                     ","
                    121
                   ",https://www.amazon.com/SK-II-Power-Radical-Cream-0-5oz/dp/B0716JS4KX/ref=sr_1_11?crid=2CAHDTR5AV0UH&keywords=skII&qid=1665564619&qu=eyJxc2MiOiIzLjYxIiwicXNhIjoiMi45NiIsInFzcCI6IjIuODAifQ%3D%3D&sprefix=skii%2Caps%2C408&sr=8-11,2022-10-12
DREAM PAIRS Womens Outdoor Snow Boots Ladies Winter Boot Waterproof Lightweight Warm Fashion Shoes,"
                    £34.99
                   ","
                      5.0 out of 5 stars
                     ","
                    1
                   ",https://www.amazon.com/DREAM-PAIRS-Waterproof-Lightweight-SDSB2213W/dp/B09ZLGYNR7/ref=sr_1_12?crid=2CAHDTR5AV0UH&keywords=skII&qid=1665564619&qu=eyJxc2MiOiIzLjYxIiwicXNhIjoiMi45NiIsInFzcCI6IjIuODAifQ%3D%3D&sprefix=skii%2Caps%2C408&sr=8-12,2022-10-12
"Morrisons Chocolate Mousse 6 Pots, 360 g","
                    £1.25
                   ","
                      4.4 out of 5 stars
                     ","
                    702
                   ",https://www.amazon.com/Morrisons-Chocolate-Mousse-60g-pots/dp/B01AWH2NJ6/ref=sr_1_13_f3_0o_morri?crid=2CAHDTR5AV0UH&keywords=skII&qid=1665564619&qu=eyJxc2MiOiIzLjYxIiwicXNhIjoiMi45NiIsInFzcCI6IjIuODAifQ%3D%3D&sprefix=skii%2Caps%2C408&sr=8-13,2022-10-12
"Paula's Choice Skin Perfecting 2% BHA Liquid Exfoliant - Face Exfoliating Peel Fights Blackheads, Breakouts & Enlarged Pores - with Salicylic Acid - Combination, Oily & Acne Prone Skin - 118 ml","
                    £33.00
                   ","
                      4.5 out of 5 stars
                     ","
                    13,124
                   ",https://www.amazon.com/Paulas-Choice-Perfecting-Liquid-Exfoliant/dp/B07PCSNFLP/ref=sr_1_14?crid=2CAHDTR5AV0UH&keywords=skII&qid=1665564619&qu=eyJxc2MiOiIzLjYxIiwicXNhIjoiMi45NiIsInFzcCI6IjIuODAifQ%3D%3D&sprefix=skii%2Caps%2C408&sr=8-14,2022-10-12
MEDIHEAL Official [Korea's No 1 Sheet Mask] - Collagen Essential Lifting & Firming Mask (5 Masks),"
                    £11.05
                   ","
                      4.6 out of 5 stars
                     ","
                    1,392
                   ",https://www.amazon.com/MEDIHEAL-Official-Koreas-Sheet-Mask/dp/B07T32XPCW/ref=sr_1_15?crid=2CAHDTR5AV0UH&keywords=skII&qid=1665564619&qu=eyJxc2MiOiIzLjYxIiwicXNhIjoiMi45NiIsInFzcCI6IjIuODAifQ%3D%3D&sprefix=skii%2Caps%2C408&sr=8-15,2022-10-12
"OutdoorMaster Ski Goggles PRO - Frameless, Interchangeable Lens 100% UV400 Protection Snow Goggles for Men & Women","
                    £37.99
                   ","
                      4.6 out of 5 stars
                     ","
                    7,834
                   ",https://www.amazon.com/OutdoorMaster-Ski-Goggles-PRO-Interchangeable/dp/B014XKTFI0/ref=sr_1_16?crid=2CAHDTR5AV0UH&keywords=skII&qid=1665564619&qu=eyJxc2MiOiIzLjYxIiwicXNhIjoiMi45NiIsInFzcCI6IjIuODAifQ%3D%3D&sprefix=skii%2Caps%2C408&sr=8-16,2022-10-12
Retinol Moisturizer for Face (120ml) – Anti Ageing Face Cream Reduces Scars Ance and Wrinkles with Hyaluronic Acid and Vitamin E,"
                    £18.88
                   ","
                      4.2 out of 5 stars
                     ","
                    7,345
                   ",https://www.amazon.com/2-5-Retinol-Moisturizer-Face-120ml/dp/B017XZVYMC/ref=sr_1_17?crid=2CAHDTR5AV0UH&keywords=skII&qid=1665564619&qu=eyJxc2MiOiIzLjYxIiwicXNhIjoiMi45NiIsInFzcCI6IjIuODAifQ%3D%3D&sprefix=skii%2Caps%2C408&sr=8-17,2022-10-12
Skinfood Facial Mask Rice Wash Off - 3.52 Oz,"
                    £13.00
                   ","
                      4.4 out of 5 stars
                     ","
                    127
                   ",https://www.amazon.com/Skin-food-Rice-Mask-Ounce/dp/B004FKNYWW/ref=sr_1_18?crid=2CAHDTR5AV0UH&keywords=skII&qid=1665564619&qu=eyJxc2MiOiIzLjYxIiwicXNhIjoiMi45NiIsInFzcCI6IjIuODAifQ%3D%3D&sprefix=skii%2Caps%2C408&sr=8-18,2022-10-12
Balaclava Ski Mask for Men Women Face Mask for Cold Weather Winter Windproof Outdoors in Winter Neck Warmer Multifunctional Sports Cold Weather Gear,"
                    £12.88
                   ","
                      4.1 out of 5 stars
                     ","
                    1,748
                   ",https://www.amazon.com/Balaclava-Windproof-Motorcycle-Multifunctional-Snowboard/dp/B0756RNPR8/ref=sr_1_19?crid=2CAHDTR5AV0UH&keywords=skII&qid=1665564619&qu=eyJxc2MiOiIzLjYxIiwicXNhIjoiMi45NiIsInFzcCI6IjIuODAifQ%3D%3D&sprefix=skii%2Caps%2C408&sr=8-19,2022-10-12
"SLOPE WARRIOR Cosmic Rider Merino Wool Alpine Performance Socks, for Men, Women, Shin Padding, Fast Drying, Warm, Knee High Thermal Socks for Ski, Snowboarding and Mountaineering","
                    £18.60
                   ","
                      4.1 out of 5 stars
                     ","
                    4
                   ",https://www.amazon.com/SLOPE-WARRIOR-Cosmic-Rider-High-Performance/dp/B07SX7RL28/ref=sr_1_20?crid=2CAHDTR5AV0UH&keywords=skII&qid=1665564619&qu=eyJxc2MiOiIzLjYxIiwicXNhIjoiMi45NiIsInFzcCI6IjIuODAifQ%3D%3D&sprefix=skii%2Caps%2C408&sr=8-20,2022-10-12
NORTIV 8 Men's 170410 Insulated Waterproof Construction Hiking Winter Snow Boots,"
                    £46.99
                   ","
                      4.4 out of 5 stars
                     ","
                    4,198
                   ",https://www.amazon.com/NORTIV-170410-Waterproof-Winter-Boots/dp/B07FS7B753/ref=sr_1_21?crid=2CAHDTR5AV0UH&keywords=skII&qid=1665564619&qu=eyJxc2MiOiIzLjYxIiwicXNhIjoiMi45NiIsInFzcCI6IjIuODAifQ%3D%3D&sprefix=skii%2Caps%2C408&sr=8-21,2022-10-12
"Snowledge Ski Snowboard Goggles with UV400 Protection, Skiing Snowboarding Goggles of Dual Lens with Anti Fog for Men, Women,Helmet Compatible","
                    £27.99
                   ","
                      4.5 out of 5 stars
                     ","
                    782
                   ",https://www.amazon.com/Snowledge-Snowboard-Goggles-Protection-Compatible/dp/B07GQN2PJ4/ref=sr_1_22?crid=2CAHDTR5AV0UH&keywords=skII&qid=1665564619&qu=eyJxc2MiOiIzLjYxIiwicXNhIjoiMi45NiIsInFzcCI6IjIuODAifQ%3D%3D&sprefix=skii%2Caps%2C408&sr=8-22,2022-10-12
"Merino Wool Ski Socks, Cold Weather Knee-High Thermal Socks for Winter, Snow, Snowboarding, Hiking","
                    £22.31
                   ","
                      4.7 out of 5 stars
                     ","
                    122
                   ",https://www.amazon.com/Merino-Weather-Knee-High-Thermal-Snowboarding/dp/B09M3HCSGS/ref=sr_1_23?crid=2CAHDTR5AV0UH&keywords=skII&qid=1665564619&qu=eyJxc2MiOiIzLjYxIiwicXNhIjoiMi45NiIsInFzcCI6IjIuODAifQ%3D%3D&sprefix=skii%2Caps%2C408&sr=8-23,2022-10-12
OutdoorMaster Ski Goggles PRO Replacement Lens,"
                    £27.99
                   ","
                      4.6 out of 5 stars
                     ","
                    2,372
                   ",https://www.amazon.com/OutdoorMaster-Ski-Goggles-Replacement-Lens/dp/B074JY1NHC/ref=sr_1_24?crid=2CAHDTR5AV0UH&keywords=skII&qid=1665564619&qu=eyJxc2MiOiIzLjYxIiwicXNhIjoiMi45NiIsInFzcCI6IjIuODAifQ%3D%3D&sprefix=skii%2Caps%2C408&sr=8-24,2022-10-12
"Merino Wool Socks High Performance Compression Ski Socks Mens and Women Thermal Knee High Socks, 2 Pairs","
                    £25.99
                   ","
                      4.4 out of 5 stars
                     ","
                    39
                   ",https://www.amazon.com/Merino-Performance-Compression-Socks-Thermal/dp/B09MD5RHY3/ref=sr_1_25?crid=2CAHDTR5AV0UH&keywords=skII&qid=1665564619&qu=eyJxc2MiOiIzLjYxIiwicXNhIjoiMi45NiIsInFzcCI6IjIuODAifQ%3D%3D&sprefix=skii%2Caps%2C408&sr=8-25,2022-10-12
DREAM PAIRS Women’s Waterproof Wellington Duck Rain Boots Outdoor Ankle Low Heel Snow Boots Ladies Originals Lace-up Winter Boots,"
                    £29.99
                   ","
                      5.0 out of 5 stars
                     ","
                    1
                   ",https://www.amazon.com/DREAM-PAIRS-Originals-Waterproof-SDSB2211W-1/dp/B09ZLGFH4D/ref=sr_1_26?crid=2CAHDTR5AV0UH&keywords=skII&qid=1665564619&qu=eyJxc2MiOiIzLjYxIiwicXNhIjoiMi45NiIsInFzcCI6IjIuODAifQ%3D%3D&sprefix=skii%2Caps%2C408&sr=8-26,2022-10-12
"RAYZOR Ski Goggles Snowboard Goggles For Men & Women – OTG Ski Mask with UV400 Protection – Anti-Fog and Shatterproof Skiing Goggles, Anti-Glare Protective Goggles for Men Women Boys & Girls","
                    £21.95
                   ","
                      4.5 out of 5 stars
                     ","
                    869
                   ",https://www.amazon.com/Rayzor-Protection-Comfortable-Shatterproof-Snowmobiles/dp/B002MQ6LTY/ref=sr_1_27?crid=2CAHDTR5AV0UH&keywords=skII&qid=1665564619&qu=eyJxc2MiOiIzLjYxIiwicXNhIjoiMi45NiIsInFzcCI6IjIuODAifQ%3D%3D&sprefix=skii%2Caps%2C408&sr=8-27,2022-10-12
5 Pairs Mens High Performance Thermal Ski Socks - Multicoloured - Mens UK Size 6-11 (EU 39-45),"
                    £11.95
                   ","
                      4.3 out of 5 stars
                     ","
                    363
                   ",https://www.amazon.com/SX167-6-11-Mens-Socks-Pack-6-11/dp/B08M3QKF95/ref=sr_1_28?crid=2CAHDTR5AV0UH&keywords=skII&qid=1665564619&qu=eyJxc2MiOiIzLjYxIiwicXNhIjoiMi45NiIsInFzcCI6IjIuODAifQ%3D%3D&sprefix=skii%2Caps%2C408&sr=8-28,2022-10-12
"SPOSUNE OTG Ski Goggles - Over Glasses Snow Snowboard Goggle with Anti fog Dual lens for Men Women Youth Kids Skiing Skating Snowmobile, Windproof UV400 Protection Winter Sports Protective Glasses","
                    £25.99
                   ","
                      4.6 out of 5 stars
                     ","
                    705
                   ",https://www.amazon.com/SPOSUNE-Protection-Spherical-Snowboard-Compatible/dp/B07WP2LSLR/ref=sr_1_29?crid=2CAHDTR5AV0UH&keywords=skII&qid=1665564619&qu=eyJxc2MiOiIzLjYxIiwicXNhIjoiMi45NiIsInFzcCI6IjIuODAifQ%3D%3D&sprefix=skii%2Caps%2C408&sr=8-29,2022-10-12
SAITAG Balaclava Ski Mask Warm Face Mask for Cold Weather Winter Skiing Snowboarding Motorcycling Ice Fishing Men,"
                    £17.59
                   ","
                      4.6 out of 5 stars
                     ","
                    364
                   ",https://www.amazon.com/SAITAG-Balaclava-Weather-Snowboarding-Motorcycling/dp/B09D2VX1F6/ref=sr_1_30?crid=2CAHDTR5AV0UH&keywords=skII&qid=1665564619&qu=eyJxc2MiOiIzLjYxIiwicXNhIjoiMi45NiIsInFzcCI6IjIuODAifQ%3D%3D&sprefix=skii%2Caps%2C408&sr=8-30,2022-10-12
"2 Pairs Men's Wool Socks, 80% Merino, Hiking Walking Thermal Athletic Socks for Winter Outdoor Recreation Trekking Climbing(UK M-L)","
                    £11.99
                   ","
                      4.4 out of 5 stars
                     ","
                    513
                   ",https://www.amazon.com/Walking-Athletic-Recreation-Trekking-Climbing/dp/B07XGK6VDJ/ref=sr_1_31?crid=2CAHDTR5AV0UH&keywords=skII&qid=1665564619&qu=eyJxc2MiOiIzLjYxIiwicXNhIjoiMi45NiIsInFzcCI6IjIuODAifQ%3D%3D&sprefix=skii%2Caps%2C408&sr=8-31,2022-10-12
"Mountain Warehouse Kids Ski Jacket & Trousers Set - Snowproof Ski Outfit, Front Pockets, Fleece Lined Skiwear, Integrated Snowskirt - Best for Winter Snowboarding","
                    £59.99
                   ","
                      4.6 out of 5 stars
                     ","
                    1,423
                   ",https://www.amazon.com/Mountain-Warehouse-Kids-Jacket-Trousers/dp/B08SKQJ5R6/ref=sr_1_32?crid=2CAHDTR5AV0UH&keywords=skII&qid=1665564619&qu=eyJxc2MiOiIzLjYxIiwicXNhIjoiMi45NiIsInFzcCI6IjIuODAifQ%3D%3D&sprefix=skii%2Caps%2C408&sr=8-32,2022-10-12
"DANISH ENDURANCE Merino Wool Performance Ski Socks, Shin Padding, for Men, Women, Kids, 1 Pack","
                      £26.95
                     ","
                        4.4 out of 5 stars
                       ","
                      3,455
                     ",https://www.amazon.com/sspa/click?ie=UTF8&spc=MTo3ODAxMjgwNjY5Njk1NjU4OjE2NjU1NjQ2MTk6c3BfbXRmOjIwMDcwNDgxMjAzMTA4OjowOjo&sp_csd=d2lkZ2V0TmFtZT1zcF9tdGY&url=%2FDANISH-ENDURANCE-Alpine-Performance-Yellow%2Fdp%2FB07G4BYKTC%2Fref%3Dsr_1_33_sspa%3Fcrid%3D2CAHDTR5AV0UH%26keywords%3DskII%26qid%3D1665564619%26qu%3DeyJxc2MiOiIzLjYxIiwicXNhIjoiMi45NiIsInFzcCI6IjIuODAifQ%253D%253D%26sprefix%3Dskii%252Caps%252C408%26sr%3D8-33-spons%26psc%3D1,2022-10-12
AKSIUM ACCESS,"
                      £38.96
                     ","
                        4.5 out of 5 stars
                       ","
                      656
                     ",https://www.amazon.com/sspa/click?ie=UTF8&spc=MTo3ODAxMjgwNjY5Njk1NjU4OjE2NjU1NjQ2MTk6c3BfbXRmOjIwMDgxNTY2OTkzNTk4OjowOjo&sp_csd=d2lkZ2V0TmFtZT1zcF9tdGY&url=%2FSalomon-Aksium-Goggles-Universal-L40846100%2Fdp%2FB07WKN59J7%2Fref%3Dsr_1_34_sspa%3Fcrid%3D2CAHDTR5AV0UH%26keywords%3DskII%26qid%3D1665564619%26qu%3DeyJxc2MiOiIzLjYxIiwicXNhIjoiMi45NiIsInFzcCI6IjIuODAifQ%253D%253D%26sprefix%3Dskii%252Caps%252C408%26sr%3D8-34-spons%26psc%3D1,2022-10-12
"JVR Blackhead Remover Mask for Men, Bamboo Charcoal Peel Off Black Mask, Purifying & Deep Cleansing for All Skin Types 120g","
                      £9.99
                     ","
                        4.0 out of 5 stars
                       ","
                      504
                     ",https://www.amazon.com/sspa/click?ie=UTF8&spc=MTo3ODAxMjgwNjY5Njk1NjU4OjE2NjU1NjQ2MTk6c3BfbXRmOjIwMDc2NTczMzAyMzk4OjowOjo&sp_csd=d2lkZ2V0TmFtZT1zcF9tdGY&url=%2FJVR-Blackhead-Charcoal-Purifying-Cleansing%2Fdp%2FB087JBPNT5%2Fref%3Dsr_1_35_sspa%3Fcrid%3D2CAHDTR5AV0UH%26keywords%3DskII%26qid%3D1665564619%26qu%3DeyJxc2MiOiIzLjYxIiwicXNhIjoiMi45NiIsInFzcCI6IjIuODAifQ%253D%253D%26sprefix%3Dskii%252Caps%252C408%26sr%3D8-35-spons%26psc%3D1,2022-10-12
REN Clean Skincare Supersize Overnight Recovery Balm 50ml,"
                      £49.00
                     ",,"
                     (£98.00/100 ml)
                    ",https://www.amazon.com/sspa/click?ie=UTF8&spc=MTo3ODAxMjgwNjY5Njk1NjU4OjE2NjU1NjQ2MTk6c3BfbXRmOjIwMDY4Mjg2NjY1ODk4OjowOjo&sp_csd=d2lkZ2V0TmFtZT1zcF9tdGY&url=%2FREN-Clean-Skincare-Supersize-Overnight%2Fdp%2FB09NQFPQ4N%2Fref%3Dsr_1_36_sspa%3Fcrid%3D2CAHDTR5AV0UH%26keywords%3DskII%26qid%3D1665564619%26qu%3DeyJxc2MiOiIzLjYxIiwicXNhIjoiMi45NiIsInFzcCI6IjIuODAifQ%253D%253D%26smid%3DA3P5ROKL5A1OLE%26sprefix%3Dskii%252Caps%252C408%26sr%3D8-36-spons%26psc%3D1,2022-10-12
Blulu Ski Mask Winter Balaclava Ski Mask Warm Full Face Ski Mask Thermal Men Ski Mask 3 Hole Knit Face Mask for Outdoor Sports,"
                    £7.59
                   ","
                      3.9 out of 5 stars
                     ","
                    92
                   ",https://www.amazon.com/Winter-Balaclava-Thermal-3-Hole-Outdoor/dp/B09J16SXYJ/ref=sr_1_37?crid=2CAHDTR5AV0UH&keywords=skII&qid=1665564619&qu=eyJxc2MiOiIzLjYxIiwicXNhIjoiMi45NiIsInFzcCI6IjIuODAifQ%3D%3D&sprefix=skii%2Caps%2C408&sr=8-37,2022-10-12
"coskefy Thermal Gloves, -20℉ Coldproof Touchscreen Ski Gloves Waterproof Winter Gloves 3M Thinsulate Snow Gloves for Walking Snowboarding Hiking Outdoor","
                    £11.04
                   ","
                      4.5 out of 5 stars
                     ","
                    1,967
                   ",https://www.amazon.com/coskefy-Thermal-Thinsulate-Touchscreen-Snowboarding/dp/B07HGQMK4H/ref=sr_1_38?crid=2CAHDTR5AV0UH&keywords=skII&qid=1665564619&qu=eyJxc2MiOiIzLjYxIiwicXNhIjoiMi45NiIsInFzcCI6IjIuODAifQ%3D%3D&smid=A3PNIR7C4EEUQS&sprefix=skii%2Caps%2C408&sr=8-38,2022-10-12
BODY ARMOUR CE MOTORBIKE/MOTORCYCLE/MOTOCROSS SKIING SKATING SNOW BOARD IMPACT PADDED SPINE GUARD PROTECTIVE SUIT (M),"
                    £49.99
                   ","
                      3.5 out of 5 stars
                     ","
                    8
                   ",https://www.amazon.com/ARMOUR-MOTORBIKE-MOTORCYCLE-MOTOCROSS-PROTECTIVE/dp/B07DCFMPB3/ref=sr_1_39?crid=2CAHDTR5AV0UH&keywords=skII&qid=1665564619&qu=eyJxc2MiOiIzLjYxIiwicXNhIjoiMi45NiIsInFzcCI6IjIuODAifQ%3D%3D&sprefix=skii%2Caps%2C408&sr=8-39,2022-10-12
4 Pairs of Mens High Performance Thermal Ski Socks-Assorted-UK 6 - 11 ( Eur 39 - 45 ),"
                    £12.95
                   ","
                      4.5 out of 5 stars
                     ","
                    4,028
                   ",https://www.amazon.com/Pairs-Mens-Performance-Thermal-Socks-Assorted-UK/dp/B01N59WFGI/ref=sr_1_40?crid=2CAHDTR5AV0UH&keywords=skII&qid=1665564619&qu=eyJxc2MiOiIzLjYxIiwicXNhIjoiMi45NiIsInFzcCI6IjIuODAifQ%3D%3D&sprefix=skii%2Caps%2C408&sr=8-40,2022-10-12
Sakkas Booker Cashmere Feel Solid Colored Unisex Winter Scarf With Fringe,"
                    £12.99
                   ","
                      4.4 out of 5 stars
                     ","
                    443
                   ",https://www.amazon.com/Sakkas-1590-Booker-Cashmere-Colored/dp/B07CP2KVM9/ref=sr_1_42?crid=2CAHDTR5AV0UH&keywords=skII&qid=1665564619&qu=eyJxc2MiOiIzLjYxIiwicXNhIjoiMi45NiIsInFzcCI6IjIuODAifQ%3D%3D&sprefix=skii%2Caps%2C408&sr=8-42,2022-10-12
"L'Oréal Paris Perfect Golden Age Re-Activating Essence, 125ml","
                    £16.99
                   ","
                      4.5 out of 5 stars
                     ","
                    631
                   ",https://www.amazon.com/LOr%C3%A9al-Perfect-Golden-Re-Activating-Essence/dp/B01AIPJ4A8/ref=sr_1_43?crid=2CAHDTR5AV0UH&keywords=skII&qid=1665564619&qu=eyJxc2MiOiIzLjYxIiwicXNhIjoiMi45NiIsInFzcCI6IjIuODAifQ%3D%3D&sprefix=skii%2Caps%2C408&sr=8-43,2022-10-12
donhobo Men's Fleece Jacket Winter Waterproof Warm Ski Jackets Windproof Coat With Zip Pockets Hood,"
                    £51.98
                   ","
                      4.4 out of 5 stars
                     ","
                    2,559
                   ",https://www.amazon.com/donhobo-Waterproof-Jackets-Windproof-Pockets/dp/B0787PLRXM/ref=sr_1_44?crid=2CAHDTR5AV0UH&keywords=skII&qid=1665564619&qu=eyJxc2MiOiIzLjYxIiwicXNhIjoiMi45NiIsInFzcCI6IjIuODAifQ%3D%3D&sprefix=skii%2Caps%2C408&sr=8-44,2022-10-12
Sock Stack 4 Pairs Of Mens Performance Ski Sock Long Thermal Heat Pro Winter Cushioned Arch Support Snowboard Socks With Full Terry Socks UK Size 6-11,"
                    £9.95
                   ","
                      4.2 out of 5 stars
                     ","
                    223
                   ",https://www.amazon.com/Sock-Stack-Performance-Cushioned-Snowboard/dp/B07YRXCDVJ/ref=sr_1_45?crid=2CAHDTR5AV0UH&keywords=skII&qid=1665564619&qu=eyJxc2MiOiIzLjYxIiwicXNhIjoiMi45NiIsInFzcCI6IjIuODAifQ%3D%3D&sprefix=skii%2Caps%2C408&sr=8-45,2022-10-12
DREAM PAIRS Boys Girls Faux Fur Lined Winter Snow Boots (Toddler/Little Kid/Big Kid) Shorty-K,"
                    £29.99
                   ","
                      4.6 out of 5 stars
                     ","
                    6,149
                   ",https://www.amazon.com/Dream-Shorty-K-Chesnut-Sheepskin-Winter/dp/B07MZSY43Q/ref=sr_1_46?crid=2CAHDTR5AV0UH&keywords=skII&qid=1665564619&qu=eyJxc2MiOiIzLjYxIiwicXNhIjoiMi45NiIsInFzcCI6IjIuODAifQ%3D%3D&sprefix=skii%2Caps%2C408&sr=8-46,2022-10-12
"SECRET KEY Starting Treatment Essence Rose Edition 5.07 fl.oz. (150ml) - 94% Galactonyces Fermented Filtrate & Rose Flower Water, Anti-Wrikle & Moisturizing First Step Skin Care Essence, Paraben Free","
                    £23.95
                   ","
                      4.6 out of 5 stars
                     ","
                    206
                   ",https://www.amazon.com/Secret-Key-Starting-Treatment-Essence_Rose/dp/B01HCH690S/ref=sr_1_47?crid=2CAHDTR5AV0UH&keywords=skII&qid=1665564619&qu=eyJxc2MiOiIzLjYxIiwicXNhIjoiMi45NiIsInFzcCI6IjIuODAifQ%3D%3D&sprefix=skii%2Caps%2C408&sr=8-47,2022-10-12
4 Pairs High Performance Ladies Ski Socks Long Hose Thermal Socks-Assorted-UK 4 - 7,"
                    £12.95
                   ","
                      4.5 out of 5 stars
                     ","
                    2,891
                   ",https://www.amazon.com/Pairs-Performance-Ladies-Thermal-Socks-Assorted-UK/dp/B01N5MCB4M/ref=sr_1_48?crid=2CAHDTR5AV0UH&keywords=skII&qid=1665564619&qu=eyJxc2MiOiIzLjYxIiwicXNhIjoiMi45NiIsInFzcCI6IjIuODAifQ%3D%3D&sprefix=skii%2Caps%2C408&sr=8-48,2022-10-12
"Odoland OTG Ski Goggles Set with Detachable Lens, Frameless Interchangeable Magnetic Lens for Skiing Skating Snowboard, Anti-Fog and UV400 Protection Snow Goggles for Men and Women","
                    £39.99
                   ","
                      4.6 out of 5 stars
                     ","
                    492
                   ",https://www.amazon.com/Odoland-Detachable-Interchangeable-Snowmobiles-Protection/dp/B08CGZMM1C/ref=sr_1_50?crid=2CAHDTR5AV0UH&keywords=skII&qid=1665564619&qu=eyJxc2MiOiIzLjYxIiwicXNhIjoiMi45NiIsInFzcCI6IjIuODAifQ%3D%3D&sprefix=skii%2Caps%2C408&sr=8-50,2022-10-12
"Winter Neck Warmer Neck Gaiter Ski Snood for Men with Thermal Fleece Waterproof Fabric, Face Covering Multifunction Headwear Elastic Tube Face Scarf Face Shield for Sports Cycling Skiing, Running","
                    £8.99
                   ","
                      4.4 out of 5 stars
                     ","
                    607
                   ",https://www.amazon.com/Thermal-Waterproof-Covering-Multifunction-Headwear/dp/B08P3JBG38/ref=sr_1_51?crid=2CAHDTR5AV0UH&keywords=skII&qid=1665564619&qu=eyJxc2MiOiIzLjYxIiwicXNhIjoiMi45NiIsInFzcCI6IjIuODAifQ%3D%3D&sprefix=skii%2Caps%2C408&sr=8-51,2022-10-12
"DANISH ENDURANCE Merino Wool Performance Ski Socks, Shin Padding, for Men, Women, Kids, 1 Pack","
                    £26.95
                   ","
                      4.4 out of 5 stars
                     ","
                    3,455
                   ",https://www.amazon.com/DANISH-ENDURANCE-Alpine-Performance-Socks/dp/B07HKB1RS2/ref=sr_1_52?crid=2CAHDTR5AV0UH&keywords=skII&qid=1665564619&qu=eyJxc2MiOiIzLjYxIiwicXNhIjoiMi45NiIsInFzcCI6IjIuODAifQ%3D%3D&sprefix=skii%2Caps%2C408&sr=8-52,2022-10-12
"findway Ski Goggles, Skiing Goggles For Snowboard Jet Snow, For Women Men Ladies Youth Teen OTG Over Helmet Compatible, Anti-fog 100% UV Protection, Anti-glare Ski Goggles, For Skiing Snowboarding","
                    £19.99
                   ","
                      4.5 out of 5 stars
                     ","
                    1,258
                   ",https://www.amazon.com/findway-Compatible-Protection-Anti-glare-Snowboarding/dp/B07MVWWZ3X/ref=sr_1_53?crid=2CAHDTR5AV0UH&keywords=skII&qid=1665564619&qu=eyJxc2MiOiIzLjYxIiwicXNhIjoiMi45NiIsInFzcCI6IjIuODAifQ%3D%3D&sprefix=skii%2Caps%2C408&sr=8-53,2022-10-12
"DANISH ENDURANCE Merino Wool Performance Ski Socks, Shin Padding, for Men, Women, Kids, 2 Pack","
                    £37.95
                   ","
                      4.5 out of 5 stars
                     ","
                    827
                   ",https://www.amazon.com/Alpine-Performance-Socks-packs-Multicolour/dp/B07XYZXYCS/ref=sr_1_54?crid=2CAHDTR5AV0UH&keywords=skII&qid=1665564619&qu=eyJxc2MiOiIzLjYxIiwicXNhIjoiMi45NiIsInFzcCI6IjIuODAifQ%3D%3D&sprefix=skii%2Caps%2C408&sr=8-54,2022-10-12
YEKEYI Women Balaclava Hood hat Winter Cashmere Knitted Beanie Hats Ski Mask Ski Cap Outdoor,"
                    £19.99
                   ","
                      3.9 out of 5 stars
                     ","
                    23
                   ",https://www.amazon.com/YEKEYI-Balaclava-Cashmere-Knitted-Outdoor/dp/B08MT6ZZ4F/ref=sr_1_55?crid=2CAHDTR5AV0UH&keywords=skII&qid=1665564619&qu=eyJxc2MiOiIzLjYxIiwicXNhIjoiMi45NiIsInFzcCI6IjIuODAifQ%3D%3D&sprefix=skii%2Caps%2C408&sr=8-55,2022-10-12
GG ST Balaclava Windproof Ski Mask Winter Thermal Fleece Hood Heavyweight Neck Warmer Snood Outdoor Sports Face Covers Hat For Men & Women,"
                    £13.99
                   ","
                      4.3 out of 5 stars
                     ","
                    2,607
                   ",https://www.amazon.com/GG-ST-Balaclava-Windproof-Heavyweight/dp/B07GNTHWN6/ref=sr_1_56?crid=2CAHDTR5AV0UH&keywords=skII&qid=1665564619&qu=eyJxc2MiOiIzLjYxIiwicXNhIjoiMi45NiIsInFzcCI6IjIuODAifQ%3D%3D&sprefix=skii%2Caps%2C408&sr=8-56,2022-10-12
donhobo Men's Fleece Jacket Winter Waterproof Warm Ski Jackets Windproof Coat With Zip Pockets Hood,"
                      £51.98
                     ","
                        4.4 out of 5 stars
                       ","
                      2,559
                     ",https://www.amazon.com/sspa/click?ie=UTF8&spc=MTo3ODAxMjgwNjY5Njk1NjU4OjE2NjU1NjQ2MTk6c3BfYnRmOjIwMDQzMDM2MDk2MjA2OjowOjo&sp_csd=d2lkZ2V0TmFtZT1zcF9idGY&url=%2Fdonhobo-Waterproof-Jackets-Windproof-Pockets%2Fdp%2FB0787PLRXM%2Fref%3Dsr_1_57_sspa%3Fcrid%3D2CAHDTR5AV0UH%26keywords%3DskII%26qid%3D1665564619%26qu%3DeyJxc2MiOiIzLjYxIiwicXNhIjoiMi45NiIsInFzcCI6IjIuODAifQ%253D%253D%26sprefix%3Dskii%252Caps%252C408%26sr%3D8-57-spons%26psc%3D1,2022-10-12
"NIVEA Cellular LUMINOUS 630 Anti-Dark Spot Advanced Treatment Serum (30ml), Face Serum for Women, Facial Serum For Luminous Skin","
                      £10.00
                     ","
                        4.3 out of 5 stars
                       ","
                      520
                     ",https://www.amazon.com/sspa/click?ie=UTF8&spc=MTo3ODAxMjgwNjY5Njk1NjU4OjE2NjU1NjQ2MTk6c3BfYnRmOjIwMDI3OTMzOTI2ODk4OjowOjo&sp_csd=d2lkZ2V0TmFtZT1zcF9idGY&url=%2FNIVEA-Cellular-LUMINOUS-Anti-Dark-Treatment%2Fdp%2FB096R4DM7Y%2Fref%3Dsr_1_58_sspa%3Fcrid%3D2CAHDTR5AV0UH%26keywords%3DskII%26qid%3D1665564619%26qu%3DeyJxc2MiOiIzLjYxIiwicXNhIjoiMi45NiIsInFzcCI6IjIuODAifQ%253D%253D%26smid%3DA3P5ROKL5A1OLE%26sprefix%3Dskii%252Caps%252C408%26sr%3D8-58-spons%26psc%3D1,2022-10-12
"RAYZOR Ski Goggles Snowboard Goggles For Men & Women – OTG Ski Mask with UV400 Protection – Anti-Fog and Shatterproof Skiing Goggles, Anti-Glare Protective Goggles for Men Women Boys & Girls","
                      £21.95
                     ","
                        4.5 out of 5 stars
                       ","
                      869
                     ",https://www.amazon.com/sspa/click?ie=UTF8&spc=MTo3ODAxMjgwNjY5Njk1NjU4OjE2NjU1NjQ2MTk6c3BfYXRmOjIwMDE2NTI2MzAyMzk4OjowOjo&sp_csd=d2lkZ2V0TmFtZT1zcF9hdGY&url=%2FRayzor-Protection-Comfortable-Shatterproof-Snowmobiles%2Fdp%2FB002MQ6LTY%2Fref%3Dsr_1_1_sspa%3Fcrid%3D2CAHDTR5AV0UH%26keywords%3DskII%26qid%3D1665564619%26qu%3DeyJxc2MiOiIzLjYxIiwicXNhIjoiMi45NiIsInFzcCI6IjIuODAifQ%253D%253D%26sprefix%3Dskii%252Caps%252C408%26sr%3D8-1-spons%26psc%3D1,2022-10-12
Handle Double Shoulder Strap Easily 2Pcs Activities Fixing Fixing Belt Skis Strap Power Training Convenient for Family Skiing Activities,"
                      £10.49
                     ",,,https://www.amazon.com/sspa/click?ie=UTF8&spc=MTo3ODAxMjgwNjY5Njk1NjU4OjE2NjU1NjQ2MTk6c3BfYXRmOjIwMDcxMjg1MDcwMjk4OjowOjo&sp_csd=d2lkZ2V0TmFtZT1zcF9hdGY&url=%2FHandle-Shoulder-Activities-Training-Convenient%2Fdp%2FB09285W6B1%2Fref%3Dsr_1_2_sspa%3Fcrid%3D2CAHDTR5AV0UH%26keywords%3DskII%26qid%3D1665564619%26qu%3DeyJxc2MiOiIzLjYxIiwicXNhIjoiMi45NiIsInFzcCI6IjIuODAifQ%253D%253D%26sprefix%3Dskii%252Caps%252C408%26sr%3D8-2-spons%26psc%3D1,2022-10-12
IMIKEYA 6pcs Ski Straps Adjustable Ski Wraps Ties Ski Board Carrier Fastener Tape Colorful Tape Strap Band for Outdoor Skiing,"
                      £13.29
                     ",,,https://www.amazon.com/sspa/click?ie=UTF8&spc=MTo3ODAxMjgwNjY5Njk1NjU4OjE2NjU1NjQ2MTk6c3BfYXRmOjIwMDU5ODYxMzgwNjAxOjowOjo&sp_csd=d2lkZ2V0TmFtZT1zcF9hdGY&url=%2FIMIKEYA-Adjustable-Carrier-Fastener-Colorful%2Fdp%2FB08YQRQ6B7%2Fref%3Dsr_1_3_sspa%3Fcrid%3D2CAHDTR5AV0UH%26keywords%3DskII%26qid%3D1665564619%26qu%3DeyJxc2MiOiIzLjYxIiwicXNhIjoiMi45NiIsInFzcCI6IjIuODAifQ%253D%253D%26sprefix%3Dskii%252Caps%252C408%26sr%3D8-3-spons%26psc%3D1,2022-10-12
"Pinsofy Ski Shoulder Carrier, Power Training Portable Ski and Pole Carrier Strap, Adjustable 43.3in Skiing Skiers Pole for Fixing Ski","
                      £10.18
                     ",,,https://www.amazon.com/sspa/click?ie=UTF8&spc=MTo3ODAxMjgwNjY5Njk1NjU4OjE2NjU1NjQ2MTk6c3BfYXRmOjIwMDQ2NTYyNDczMjAyOjowOjo&sp_csd=d2lkZ2V0TmFtZT1zcF9hdGY&url=%2FPinsofy-Shoulder-Training-Portable-Adjustable%2Fdp%2FB08P93CBQV%2Fref%3Dsr_1_4_sspa%3Fcrid%3D2CAHDTR5AV0UH%26keywords%3DskII%26qid%3D1665564619%26qu%3DeyJxc2MiOiIzLjYxIiwicXNhIjoiMi45NiIsInFzcCI6IjIuODAifQ%253D%253D%26sprefix%3Dskii%252Caps%252C408%26sr%3D8-4-spons%26psc%3D1,2022-10-12
SK-II Facial Treatment Essence Pitera 7.7oz,"
                    £212.00
                   ","
                      4.4 out of 5 stars
                     ","
                    237
                   ",https://www.amazon.com/SK-II-Facial-Treatment-Essence-Pitera/dp/B01M599DYT/ref=sr_1_5?crid=2CAHDTR5AV0UH&keywords=skII&qid=1665564619&qu=eyJxc2MiOiIzLjYxIiwicXNhIjoiMi45NiIsInFzcCI6IjIuODAifQ%3D%3D&sprefix=skii%2Caps%2C408&sr=8-5,2022-10-12
SK-II GENOPTICS Aura Essence 50ml 2016,"
                    £174.95
                   ","
                      4.1 out of 5 stars
                     ","
                    76
                   ",https://www.amazon.com/SK-II-GENOPTICS-AURA-ESSENCE-50ml/dp/B01BF1SC6Q/ref=sr_1_6?crid=2CAHDTR5AV0UH&keywords=skII&qid=1665564619&qu=eyJxc2MiOiIzLjYxIiwicXNhIjoiMi45NiIsInFzcCI6IjIuODAifQ%3D%3D&sprefix=skii%2Caps%2C408&sr=8-6,2022-10-12
SK-II Facial Treatment Gentle Cleanser - 120ml,"
                    £77.00
                   ","
                      4.1 out of 5 stars
                     ","
                    66
                   ",https://www.amazon.com/SK-II-Cleanser-Facial-Treatment/dp/B00ANEU7HY/ref=sr_1_7?crid=2CAHDTR5AV0UH&keywords=skII&qid=1665564619&qu=eyJxc2MiOiIzLjYxIiwicXNhIjoiMi45NiIsInFzcCI6IjIuODAifQ%3D%3D&sprefix=skii%2Caps%2C408&sr=8-7,2022-10-12
SK-II - Facial Treatment Clear Lotion (230ml),"
                    £83.95
                   ","
                      4.4 out of 5 stars
                     ","
                    189
                   ",https://www.amazon.com/SK-II-Facial-Treatment-Clear-Lotion/dp/B06ZZYQXJG/ref=sr_1_8?crid=2CAHDTR5AV0UH&keywords=skII&qid=1665564619&qu=eyJxc2MiOiIzLjYxIiwicXNhIjoiMi45NiIsInFzcCI6IjIuODAifQ%3D%3D&sprefix=skii%2Caps%2C408&sr=8-8,2022-10-12
Facial Treatment Mask SKII 10 Pcs Treatment For Unisex,"
                    £116.68
                   ","
                      4.4 out of 5 stars
                     ","
                    203
                   ",https://www.amazon.com/Facial-Treatment-Mask-SKII-Unisex/dp/B00JDVP18S/ref=sr_1_9?crid=2CAHDTR5AV0UH&keywords=skII&qid=1665564619&qu=eyJxc2MiOiIzLjYxIiwicXNhIjoiMi45NiIsInFzcCI6IjIuODAifQ%3D%3D&sprefix=skii%2Caps%2C408&sr=8-9,2022-10-12
SK II Facial Treatment Essence 230ml,"
                    £177.21
                   ","
                      4.3 out of 5 stars
                     ","
                    526
                   ",https://www.amazon.com/SK-Facial-Treatment-Essence-230ml/dp/B01296JRMO/ref=sr_1_10?crid=2CAHDTR5AV0UH&keywords=skII&qid=1665564619&qu=eyJxc2MiOiIzLjYxIiwicXNhIjoiMi45NiIsInFzcCI6IjIuODAifQ%3D%3D&sprefix=skii%2Caps%2C408&sr=8-10,2022-10-12
SK-II R.N.A Power Radical New Age Eye Cream 0.5oz,"
                    £99.98
                   ","
                      4.0 out of 5 stars
                     ","
                    121
                   ",https://www.amazon.com/SK-II-Power-Radical-Cream-0-5oz/dp/B0716JS4KX/ref=sr_1_11?crid=2CAHDTR5AV0UH&keywords=skII&qid=1665564619&qu=eyJxc2MiOiIzLjYxIiwicXNhIjoiMi45NiIsInFzcCI6IjIuODAifQ%3D%3D&sprefix=skii%2Caps%2C408&sr=8-11,2022-10-12
DREAM PAIRS Womens Outdoor Snow Boots Ladies Winter Boot Waterproof Lightweight Warm Fashion Shoes,"
                    £34.99
                   ","
                      5.0 out of 5 stars
                     ","
                    1
                   ",https://www.amazon.com/DREAM-PAIRS-Waterproof-Lightweight-SDSB2213W/dp/B09ZLGYNR7/ref=sr_1_12?crid=2CAHDTR5AV0UH&keywords=skII&qid=1665564619&qu=eyJxc2MiOiIzLjYxIiwicXNhIjoiMi45NiIsInFzcCI6IjIuODAifQ%3D%3D&sprefix=skii%2Caps%2C408&sr=8-12,2022-10-12
"Morrisons Chocolate Mousse 6 Pots, 360 g","
                    £1.25
                   ","
                      4.4 out of 5 stars
                     ","
                    702
                   ",https://www.amazon.com/Morrisons-Chocolate-Mousse-60g-pots/dp/B01AWH2NJ6/ref=sr_1_13_f3_0o_morri?crid=2CAHDTR5AV0UH&keywords=skII&qid=1665564619&qu=eyJxc2MiOiIzLjYxIiwicXNhIjoiMi45NiIsInFzcCI6IjIuODAifQ%3D%3D&sprefix=skii%2Caps%2C408&sr=8-13,2022-10-12
"Paula's Choice Skin Perfecting 2% BHA Liquid Exfoliant - Face Exfoliating Peel Fights Blackheads, Breakouts & Enlarged Pores - with Salicylic Acid - Combination, Oily & Acne Prone Skin - 118 ml","
                    £33.00
                   ","
                      4.5 out of 5 stars
                     ","
                    13,124
                   ",https://www.amazon.com/Paulas-Choice-Perfecting-Liquid-Exfoliant/dp/B07PCSNFLP/ref=sr_1_14?crid=2CAHDTR5AV0UH&keywords=skII&qid=1665564619&qu=eyJxc2MiOiIzLjYxIiwicXNhIjoiMi45NiIsInFzcCI6IjIuODAifQ%3D%3D&sprefix=skii%2Caps%2C408&sr=8-14,2022-10-12
MEDIHEAL Official [Korea's No 1 Sheet Mask] - Collagen Essential Lifting & Firming Mask (5 Masks),"
                    £11.05
                   ","
                      4.6 out of 5 stars
                     ","
                    1,392
                   ",https://www.amazon.com/MEDIHEAL-Official-Koreas-Sheet-Mask/dp/B07T32XPCW/ref=sr_1_15?crid=2CAHDTR5AV0UH&keywords=skII&qid=1665564619&qu=eyJxc2MiOiIzLjYxIiwicXNhIjoiMi45NiIsInFzcCI6IjIuODAifQ%3D%3D&sprefix=skii%2Caps%2C408&sr=8-15,2022-10-12
"OutdoorMaster Ski Goggles PRO - Frameless, Interchangeable Lens 100% UV400 Protection Snow Goggles for Men & Women","
                    £37.99
                   ","
                      4.6 out of 5 stars
                     ","
                    7,834
                   ",https://www.amazon.com/OutdoorMaster-Ski-Goggles-PRO-Interchangeable/dp/B014XKTFI0/ref=sr_1_16?crid=2CAHDTR5AV0UH&keywords=skII&qid=1665564619&qu=eyJxc2MiOiIzLjYxIiwicXNhIjoiMi45NiIsInFzcCI6IjIuODAifQ%3D%3D&sprefix=skii%2Caps%2C408&sr=8-16,2022-10-12
Retinol Moisturizer for Face (120ml) – Anti Ageing Face Cream Reduces Scars Ance and Wrinkles with Hyaluronic Acid and Vitamin E,"
                    £18.88
                   ","
                      4.2 out of 5 stars
                     ","
                    7,345
                   ",https://www.amazon.com/2-5-Retinol-Moisturizer-Face-120ml/dp/B017XZVYMC/ref=sr_1_17?crid=2CAHDTR5AV0UH&keywords=skII&qid=1665564619&qu=eyJxc2MiOiIzLjYxIiwicXNhIjoiMi45NiIsInFzcCI6IjIuODAifQ%3D%3D&sprefix=skii%2Caps%2C408&sr=8-17,2022-10-12
Skinfood Facial Mask Rice Wash Off - 3.52 Oz,"
                    £13.00
                   ","
                      4.4 out of 5 stars
                     ","
                    127
                   ",https://www.amazon.com/Skin-food-Rice-Mask-Ounce/dp/B004FKNYWW/ref=sr_1_18?crid=2CAHDTR5AV0UH&keywords=skII&qid=1665564619&qu=eyJxc2MiOiIzLjYxIiwicXNhIjoiMi45NiIsInFzcCI6IjIuODAifQ%3D%3D&sprefix=skii%2Caps%2C408&sr=8-18,2022-10-12
Balaclava Ski Mask for Men Women Face Mask for Cold Weather Winter Windproof Outdoors in Winter Neck Warmer Multifunctional Sports Cold Weather Gear,"
                    £12.88
                   ","
                      4.1 out of 5 stars
                     ","
                    1,748
                   ",https://www.amazon.com/Balaclava-Windproof-Motorcycle-Multifunctional-Snowboard/dp/B0756RNPR8/ref=sr_1_19?crid=2CAHDTR5AV0UH&keywords=skII&qid=1665564619&qu=eyJxc2MiOiIzLjYxIiwicXNhIjoiMi45NiIsInFzcCI6IjIuODAifQ%3D%3D&sprefix=skii%2Caps%2C408&sr=8-19,2022-10-12
"SLOPE WARRIOR Cosmic Rider Merino Wool Alpine Performance Socks, for Men, Women, Shin Padding, Fast Drying, Warm, Knee High Thermal Socks for Ski, Snowboarding and Mountaineering","
                    £18.60
                   ","
                      4.1 out of 5 stars
                     ","
                    4
                   ",https://www.amazon.com/SLOPE-WARRIOR-Cosmic-Rider-High-Performance/dp/B07SX7RL28/ref=sr_1_20?crid=2CAHDTR5AV0UH&keywords=skII&qid=1665564619&qu=eyJxc2MiOiIzLjYxIiwicXNhIjoiMi45NiIsInFzcCI6IjIuODAifQ%3D%3D&sprefix=skii%2Caps%2C408&sr=8-20,2022-10-12
NORTIV 8 Men's 170410 Insulated Waterproof Construction Hiking Winter Snow Boots,"
                    £46.99
                   ","
                      4.4 out of 5 stars
                     ","
                    4,198
                   ",https://www.amazon.com/NORTIV-170410-Waterproof-Winter-Boots/dp/B07FS7B753/ref=sr_1_21?crid=2CAHDTR5AV0UH&keywords=skII&qid=1665564619&qu=eyJxc2MiOiIzLjYxIiwicXNhIjoiMi45NiIsInFzcCI6IjIuODAifQ%3D%3D&sprefix=skii%2Caps%2C408&sr=8-21,2022-10-12
"Snowledge Ski Snowboard Goggles with UV400 Protection, Skiing Snowboarding Goggles of Dual Lens with Anti Fog for Men, Women,Helmet Compatible","
                    £27.99
                   ","
                      4.5 out of 5 stars
                     ","
                    782
                   ",https://www.amazon.com/Snowledge-Snowboard-Goggles-Protection-Compatible/dp/B07GQN2PJ4/ref=sr_1_22?crid=2CAHDTR5AV0UH&keywords=skII&qid=1665564619&qu=eyJxc2MiOiIzLjYxIiwicXNhIjoiMi45NiIsInFzcCI6IjIuODAifQ%3D%3D&sprefix=skii%2Caps%2C408&sr=8-22,2022-10-12
"Merino Wool Ski Socks, Cold Weather Knee-High Thermal Socks for Winter, Snow, Snowboarding, Hiking","
                    £22.31
                   ","
                      4.7 out of 5 stars
                     ","
                    122
                   ",https://www.amazon.com/Merino-Weather-Knee-High-Thermal-Snowboarding/dp/B09M3HCSGS/ref=sr_1_23?crid=2CAHDTR5AV0UH&keywords=skII&qid=1665564619&qu=eyJxc2MiOiIzLjYxIiwicXNhIjoiMi45NiIsInFzcCI6IjIuODAifQ%3D%3D&sprefix=skii%2Caps%2C408&sr=8-23,2022-10-12
OutdoorMaster Ski Goggles PRO Replacement Lens,"
                    £27.99
                   ","
                      4.6 out of 5 stars
                     ","
                    2,372
                   ",https://www.amazon.com/OutdoorMaster-Ski-Goggles-Replacement-Lens/dp/B074JY1NHC/ref=sr_1_24?crid=2CAHDTR5AV0UH&keywords=skII&qid=1665564619&qu=eyJxc2MiOiIzLjYxIiwicXNhIjoiMi45NiIsInFzcCI6IjIuODAifQ%3D%3D&sprefix=skii%2Caps%2C408&sr=8-24,2022-10-12
"Merino Wool Socks High Performance Compression Ski Socks Mens and Women Thermal Knee High Socks, 2 Pairs","
                    £25.99
                   ","
                      4.4 out of 5 stars
                     ","
                    39
                   ",https://www.amazon.com/Merino-Performance-Compression-Socks-Thermal/dp/B09MD5RHY3/ref=sr_1_25?crid=2CAHDTR5AV0UH&keywords=skII&qid=1665564619&qu=eyJxc2MiOiIzLjYxIiwicXNhIjoiMi45NiIsInFzcCI6IjIuODAifQ%3D%3D&sprefix=skii%2Caps%2C408&sr=8-25,2022-10-12
DREAM PAIRS Women’s Waterproof Wellington Duck Rain Boots Outdoor Ankle Low Heel Snow Boots Ladies Originals Lace-up Winter Boots,"
                    £29.99
                   ","
                      5.0 out of 5 stars
                     ","
                    1
                   ",https://www.amazon.com/DREAM-PAIRS-Originals-Waterproof-SDSB2211W-1/dp/B09ZLGFH4D/ref=sr_1_26?crid=2CAHDTR5AV0UH&keywords=skII&qid=1665564619&qu=eyJxc2MiOiIzLjYxIiwicXNhIjoiMi45NiIsInFzcCI6IjIuODAifQ%3D%3D&sprefix=skii%2Caps%2C408&sr=8-26,2022-10-12
"RAYZOR Ski Goggles Snowboard Goggles For Men & Women – OTG Ski Mask with UV400 Protection – Anti-Fog and Shatterproof Skiing Goggles, Anti-Glare Protective Goggles for Men Women Boys & Girls","
                    £21.95
                   ","
                      4.5 out of 5 stars
                     ","
                    869
                   ",https://www.amazon.com/Rayzor-Protection-Comfortable-Shatterproof-Snowmobiles/dp/B002MQ6LTY/ref=sr_1_27?crid=2CAHDTR5AV0UH&keywords=skII&qid=1665564619&qu=eyJxc2MiOiIzLjYxIiwicXNhIjoiMi45NiIsInFzcCI6IjIuODAifQ%3D%3D&sprefix=skii%2Caps%2C408&sr=8-27,2022-10-12
5 Pairs Mens High Performance Thermal Ski Socks - Multicoloured - Mens UK Size 6-11 (EU 39-45),"
                    £11.95
                   ","
                      4.3 out of 5 stars
                     ","
                    363
                   ",https://www.amazon.com/SX167-6-11-Mens-Socks-Pack-6-11/dp/B08M3QKF95/ref=sr_1_28?crid=2CAHDTR5AV0UH&keywords=skII&qid=1665564619&qu=eyJxc2MiOiIzLjYxIiwicXNhIjoiMi45NiIsInFzcCI6IjIuODAifQ%3D%3D&sprefix=skii%2Caps%2C408&sr=8-28,2022-10-12
"SPOSUNE OTG Ski Goggles - Over Glasses Snow Snowboard Goggle with Anti fog Dual lens for Men Women Youth Kids Skiing Skating Snowmobile, Windproof UV400 Protection Winter Sports Protective Glasses","
                    £25.99
                   ","
                      4.6 out of 5 stars
                     ","
                    705
                   ",https://www.amazon.com/SPOSUNE-Protection-Spherical-Snowboard-Compatible/dp/B07WP2LSLR/ref=sr_1_29?crid=2CAHDTR5AV0UH&keywords=skII&qid=1665564619&qu=eyJxc2MiOiIzLjYxIiwicXNhIjoiMi45NiIsInFzcCI6IjIuODAifQ%3D%3D&sprefix=skii%2Caps%2C408&sr=8-29,2022-10-12
SAITAG Balaclava Ski Mask Warm Face Mask for Cold Weather Winter Skiing Snowboarding Motorcycling Ice Fishing Men,"
                    £17.59
                   ","
                      4.6 out of 5 stars
                     ","
                    364
                   ",https://www.amazon.com/SAITAG-Balaclava-Weather-Snowboarding-Motorcycling/dp/B09D2VX1F6/ref=sr_1_30?crid=2CAHDTR5AV0UH&keywords=skII&qid=1665564619&qu=eyJxc2MiOiIzLjYxIiwicXNhIjoiMi45NiIsInFzcCI6IjIuODAifQ%3D%3D&sprefix=skii%2Caps%2C408&sr=8-30,2022-10-12
"2 Pairs Men's Wool Socks, 80% Merino, Hiking Walking Thermal Athletic Socks for Winter Outdoor Recreation Trekking Climbing(UK M-L)","
                    £11.99
                   ","
                      4.4 out of 5 stars
                     ","
                    513
                   ",https://www.amazon.com/Walking-Athletic-Recreation-Trekking-Climbing/dp/B07XGK6VDJ/ref=sr_1_31?crid=2CAHDTR5AV0UH&keywords=skII&qid=1665564619&qu=eyJxc2MiOiIzLjYxIiwicXNhIjoiMi45NiIsInFzcCI6IjIuODAifQ%3D%3D&sprefix=skii%2Caps%2C408&sr=8-31,2022-10-12
"Mountain Warehouse Kids Ski Jacket & Trousers Set - Snowproof Ski Outfit, Front Pockets, Fleece Lined Skiwear, Integrated Snowskirt - Best for Winter Snowboarding","
                    £59.99
                   ","
                      4.6 out of 5 stars
                     ","
                    1,423
                   ",https://www.amazon.com/Mountain-Warehouse-Kids-Jacket-Trousers/dp/B08SKQJ5R6/ref=sr_1_32?crid=2CAHDTR5AV0UH&keywords=skII&qid=1665564619&qu=eyJxc2MiOiIzLjYxIiwicXNhIjoiMi45NiIsInFzcCI6IjIuODAifQ%3D%3D&sprefix=skii%2Caps%2C408&sr=8-32,2022-10-12
"DANISH ENDURANCE Merino Wool Performance Ski Socks, Shin Padding, for Men, Women, Kids, 1 Pack","
                      £26.95
                     ","
                        4.4 out of 5 stars
                       ","
                      3,455
                     ",https://www.amazon.com/sspa/click?ie=UTF8&spc=MTo3ODAxMjgwNjY5Njk1NjU4OjE2NjU1NjQ2MTk6c3BfbXRmOjIwMDcwNDgxMjAzMTA4OjowOjo&sp_csd=d2lkZ2V0TmFtZT1zcF9tdGY&url=%2FDANISH-ENDURANCE-Alpine-Performance-Yellow%2Fdp%2FB07G4BYKTC%2Fref%3Dsr_1_33_sspa%3Fcrid%3D2CAHDTR5AV0UH%26keywords%3DskII%26qid%3D1665564619%26qu%3DeyJxc2MiOiIzLjYxIiwicXNhIjoiMi45NiIsInFzcCI6IjIuODAifQ%253D%253D%26sprefix%3Dskii%252Caps%252C408%26sr%3D8-33-spons%26psc%3D1,2022-10-12
AKSIUM ACCESS,"
                      £38.96
                     ","
                        4.5 out of 5 stars
                       ","
                      656
                     ",https://www.amazon.com/sspa/click?ie=UTF8&spc=MTo3ODAxMjgwNjY5Njk1NjU4OjE2NjU1NjQ2MTk6c3BfbXRmOjIwMDgxNTY2OTkzNTk4OjowOjo&sp_csd=d2lkZ2V0TmFtZT1zcF9tdGY&url=%2FSalomon-Aksium-Goggles-Universal-L40846100%2Fdp%2FB07WKN59J7%2Fref%3Dsr_1_34_sspa%3Fcrid%3D2CAHDTR5AV0UH%26keywords%3DskII%26qid%3D1665564619%26qu%3DeyJxc2MiOiIzLjYxIiwicXNhIjoiMi45NiIsInFzcCI6IjIuODAifQ%253D%253D%26sprefix%3Dskii%252Caps%252C408%26sr%3D8-34-spons%26psc%3D1,2022-10-12
"JVR Blackhead Remover Mask for Men, Bamboo Charcoal Peel Off Black Mask, Purifying & Deep Cleansing for All Skin Types 120g","
                      £9.99
                     ","
                        4.0 out of 5 stars
                       ","
                      504
                     ",https://www.amazon.com/sspa/click?ie=UTF8&spc=MTo3ODAxMjgwNjY5Njk1NjU4OjE2NjU1NjQ2MTk6c3BfbXRmOjIwMDc2NTczMzAyMzk4OjowOjo&sp_csd=d2lkZ2V0TmFtZT1zcF9tdGY&url=%2FJVR-Blackhead-Charcoal-Purifying-Cleansing%2Fdp%2FB087JBPNT5%2Fref%3Dsr_1_35_sspa%3Fcrid%3D2CAHDTR5AV0UH%26keywords%3DskII%26qid%3D1665564619%26qu%3DeyJxc2MiOiIzLjYxIiwicXNhIjoiMi45NiIsInFzcCI6IjIuODAifQ%253D%253D%26sprefix%3Dskii%252Caps%252C408%26sr%3D8-35-spons%26psc%3D1,2022-10-12
REN Clean Skincare Supersize Overnight Recovery Balm 50ml,"
                      £49.00
                     ",,"
                     (£98.00/100 ml)
                    ",https://www.amazon.com/sspa/click?ie=UTF8&spc=MTo3ODAxMjgwNjY5Njk1NjU4OjE2NjU1NjQ2MTk6c3BfbXRmOjIwMDY4Mjg2NjY1ODk4OjowOjo&sp_csd=d2lkZ2V0TmFtZT1zcF9tdGY&url=%2FREN-Clean-Skincare-Supersize-Overnight%2Fdp%2FB09NQFPQ4N%2Fref%3Dsr_1_36_sspa%3Fcrid%3D2CAHDTR5AV0UH%26keywords%3DskII%26qid%3D1665564619%26qu%3DeyJxc2MiOiIzLjYxIiwicXNhIjoiMi45NiIsInFzcCI6IjIuODAifQ%253D%253D%26smid%3DA3P5ROKL5A1OLE%26sprefix%3Dskii%252Caps%252C408%26sr%3D8-36-spons%26psc%3D1,2022-10-12
Blulu Ski Mask Winter Balaclava Ski Mask Warm Full Face Ski Mask Thermal Men Ski Mask 3 Hole Knit Face Mask for Outdoor Sports,"
                    £7.59
                   ","
                      3.9 out of 5 stars
                     ","
                    92
                   ",https://www.amazon.com/Winter-Balaclava-Thermal-3-Hole-Outdoor/dp/B09J16SXYJ/ref=sr_1_37?crid=2CAHDTR5AV0UH&keywords=skII&qid=1665564619&qu=eyJxc2MiOiIzLjYxIiwicXNhIjoiMi45NiIsInFzcCI6IjIuODAifQ%3D%3D&sprefix=skii%2Caps%2C408&sr=8-37,2022-10-12
"coskefy Thermal Gloves, -20℉ Coldproof Touchscreen Ski Gloves Waterproof Winter Gloves 3M Thinsulate Snow Gloves for Walking Snowboarding Hiking Outdoor","
                    £11.04
                   ","
                      4.5 out of 5 stars
                     ","
                    1,967
                   ",https://www.amazon.com/coskefy-Thermal-Thinsulate-Touchscreen-Snowboarding/dp/B07HGQMK4H/ref=sr_1_38?crid=2CAHDTR5AV0UH&keywords=skII&qid=1665564619&qu=eyJxc2MiOiIzLjYxIiwicXNhIjoiMi45NiIsInFzcCI6IjIuODAifQ%3D%3D&smid=A3PNIR7C4EEUQS&sprefix=skii%2Caps%2C408&sr=8-38,2022-10-12
BODY ARMOUR CE MOTORBIKE/MOTORCYCLE/MOTOCROSS SKIING SKATING SNOW BOARD IMPACT PADDED SPINE GUARD PROTECTIVE SUIT (M),"
                    £49.99
                   ","
                      3.5 out of 5 stars
                     ","
                    8
                   ",https://www.amazon.com/ARMOUR-MOTORBIKE-MOTORCYCLE-MOTOCROSS-PROTECTIVE/dp/B07DCFMPB3/ref=sr_1_39?crid=2CAHDTR5AV0UH&keywords=skII&qid=1665564619&qu=eyJxc2MiOiIzLjYxIiwicXNhIjoiMi45NiIsInFzcCI6IjIuODAifQ%3D%3D&sprefix=skii%2Caps%2C408&sr=8-39,2022-10-12
4 Pairs of Mens High Performance Thermal Ski Socks-Assorted-UK 6 - 11 ( Eur 39 - 45 ),"
                    £12.95
                   ","
                      4.5 out of 5 stars
                     ","
                    4,028
                   ",https://www.amazon.com/Pairs-Mens-Performance-Thermal-Socks-Assorted-UK/dp/B01N59WFGI/ref=sr_1_40?crid=2CAHDTR5AV0UH&keywords=skII&qid=1665564619&qu=eyJxc2MiOiIzLjYxIiwicXNhIjoiMi45NiIsInFzcCI6IjIuODAifQ%3D%3D&sprefix=skii%2Caps%2C408&sr=8-40,2022-10-12
Sakkas Booker Cashmere Feel Solid Colored Unisex Winter Scarf With Fringe,"
                    £12.99
                   ","
                      4.4 out of 5 stars
                     ","
                    443
                   ",https://www.amazon.com/Sakkas-1590-Booker-Cashmere-Colored/dp/B07CP2KVM9/ref=sr_1_42?crid=2CAHDTR5AV0UH&keywords=skII&qid=1665564619&qu=eyJxc2MiOiIzLjYxIiwicXNhIjoiMi45NiIsInFzcCI6IjIuODAifQ%3D%3D&sprefix=skii%2Caps%2C408&sr=8-42,2022-10-12
"L'Oréal Paris Perfect Golden Age Re-Activating Essence, 125ml","
                    £16.99
                   ","
                      4.5 out of 5 stars
                     ","
                    631
                   ",https://www.amazon.com/LOr%C3%A9al-Perfect-Golden-Re-Activating-Essence/dp/B01AIPJ4A8/ref=sr_1_43?crid=2CAHDTR5AV0UH&keywords=skII&qid=1665564619&qu=eyJxc2MiOiIzLjYxIiwicXNhIjoiMi45NiIsInFzcCI6IjIuODAifQ%3D%3D&sprefix=skii%2Caps%2C408&sr=8-43,2022-10-12
donhobo Men's Fleece Jacket Winter Waterproof Warm Ski Jackets Windproof Coat With Zip Pockets Hood,"
                    £51.98
                   ","
                      4.4 out of 5 stars
                     ","
                    2,559
                   ",https://www.amazon.com/donhobo-Waterproof-Jackets-Windproof-Pockets/dp/B0787PLRXM/ref=sr_1_44?crid=2CAHDTR5AV0UH&keywords=skII&qid=1665564619&qu=eyJxc2MiOiIzLjYxIiwicXNhIjoiMi45NiIsInFzcCI6IjIuODAifQ%3D%3D&sprefix=skii%2Caps%2C408&sr=8-44,2022-10-12
Sock Stack 4 Pairs Of Mens Performance Ski Sock Long Thermal Heat Pro Winter Cushioned Arch Support Snowboard Socks With Full Terry Socks UK Size 6-11,"
                    £9.95
                   ","
                      4.2 out of 5 stars
                     ","
                    223
                   ",https://www.amazon.com/Sock-Stack-Performance-Cushioned-Snowboard/dp/B07YRXCDVJ/ref=sr_1_45?crid=2CAHDTR5AV0UH&keywords=skII&qid=1665564619&qu=eyJxc2MiOiIzLjYxIiwicXNhIjoiMi45NiIsInFzcCI6IjIuODAifQ%3D%3D&sprefix=skii%2Caps%2C408&sr=8-45,2022-10-12
DREAM PAIRS Boys Girls Faux Fur Lined Winter Snow Boots (Toddler/Little Kid/Big Kid) Shorty-K,"
                    £29.99
                   ","
                      4.6 out of 5 stars
                     ","
                    6,149
                   ",https://www.amazon.com/Dream-Shorty-K-Chesnut-Sheepskin-Winter/dp/B07MZSY43Q/ref=sr_1_46?crid=2CAHDTR5AV0UH&keywords=skII&qid=1665564619&qu=eyJxc2MiOiIzLjYxIiwicXNhIjoiMi45NiIsInFzcCI6IjIuODAifQ%3D%3D&sprefix=skii%2Caps%2C408&sr=8-46,2022-10-12
"SECRET KEY Starting Treatment Essence Rose Edition 5.07 fl.oz. (150ml) - 94% Galactonyces Fermented Filtrate & Rose Flower Water, Anti-Wrikle & Moisturizing First Step Skin Care Essence, Paraben Free","
                    £23.95
                   ","
                      4.6 out of 5 stars
                     ","
                    206
                   ",https://www.amazon.com/Secret-Key-Starting-Treatment-Essence_Rose/dp/B01HCH690S/ref=sr_1_47?crid=2CAHDTR5AV0UH&keywords=skII&qid=1665564619&qu=eyJxc2MiOiIzLjYxIiwicXNhIjoiMi45NiIsInFzcCI6IjIuODAifQ%3D%3D&sprefix=skii%2Caps%2C408&sr=8-47,2022-10-12
4 Pairs High Performance Ladies Ski Socks Long Hose Thermal Socks-Assorted-UK 4 - 7,"
                    £12.95
                   ","
                      4.5 out of 5 stars
                     ","
                    2,891
                   ",https://www.amazon.com/Pairs-Performance-Ladies-Thermal-Socks-Assorted-UK/dp/B01N5MCB4M/ref=sr_1_48?crid=2CAHDTR5AV0UH&keywords=skII&qid=1665564619&qu=eyJxc2MiOiIzLjYxIiwicXNhIjoiMi45NiIsInFzcCI6IjIuODAifQ%3D%3D&sprefix=skii%2Caps%2C408&sr=8-48,2022-10-12
"Odoland OTG Ski Goggles Set with Detachable Lens, Frameless Interchangeable Magnetic Lens for Skiing Skating Snowboard, Anti-Fog and UV400 Protection Snow Goggles for Men and Women","
                    £39.99
                   ","
                      4.6 out of 5 stars
                     ","
                    492
                   ",https://www.amazon.com/Odoland-Detachable-Interchangeable-Snowmobiles-Protection/dp/B08CGZMM1C/ref=sr_1_50?crid=2CAHDTR5AV0UH&keywords=skII&qid=1665564619&qu=eyJxc2MiOiIzLjYxIiwicXNhIjoiMi45NiIsInFzcCI6IjIuODAifQ%3D%3D&sprefix=skii%2Caps%2C408&sr=8-50,2022-10-12
"Winter Neck Warmer Neck Gaiter Ski Snood for Men with Thermal Fleece Waterproof Fabric, Face Covering Multifunction Headwear Elastic Tube Face Scarf Face Shield for Sports Cycling Skiing, Running","
                    £8.99
                   ","
                      4.4 out of 5 stars
                     ","
                    607
                   ",https://www.amazon.com/Thermal-Waterproof-Covering-Multifunction-Headwear/dp/B08P3JBG38/ref=sr_1_51?crid=2CAHDTR5AV0UH&keywords=skII&qid=1665564619&qu=eyJxc2MiOiIzLjYxIiwicXNhIjoiMi45NiIsInFzcCI6IjIuODAifQ%3D%3D&sprefix=skii%2Caps%2C408&sr=8-51,2022-10-12
"DANISH ENDURANCE Merino Wool Performance Ski Socks, Shin Padding, for Men, Women, Kids, 1 Pack","
                    £26.95
                   ","
                      4.4 out of 5 stars
                     ","
                    3,455
                   ",https://www.amazon.com/DANISH-ENDURANCE-Alpine-Performance-Socks/dp/B07HKB1RS2/ref=sr_1_52?crid=2CAHDTR5AV0UH&keywords=skII&qid=1665564619&qu=eyJxc2MiOiIzLjYxIiwicXNhIjoiMi45NiIsInFzcCI6IjIuODAifQ%3D%3D&sprefix=skii%2Caps%2C408&sr=8-52,2022-10-12
"findway Ski Goggles, Skiing Goggles For Snowboard Jet Snow, For Women Men Ladies Youth Teen OTG Over Helmet Compatible, Anti-fog 100% UV Protection, Anti-glare Ski Goggles, For Skiing Snowboarding","
                    £19.99
                   ","
                      4.5 out of 5 stars
                     ","
                    1,258
                   ",https://www.amazon.com/findway-Compatible-Protection-Anti-glare-Snowboarding/dp/B07MVWWZ3X/ref=sr_1_53?crid=2CAHDTR5AV0UH&keywords=skII&qid=1665564619&qu=eyJxc2MiOiIzLjYxIiwicXNhIjoiMi45NiIsInFzcCI6IjIuODAifQ%3D%3D&sprefix=skii%2Caps%2C408&sr=8-53,2022-10-12
"DANISH ENDURANCE Merino Wool Performance Ski Socks, Shin Padding, for Men, Women, Kids, 2 Pack","
                    £37.95
                   ","
                      4.5 out of 5 stars
                     ","
                    827
                   ",https://www.amazon.com/Alpine-Performance-Socks-packs-Multicolour/dp/B07XYZXYCS/ref=sr_1_54?crid=2CAHDTR5AV0UH&keywords=skII&qid=1665564619&qu=eyJxc2MiOiIzLjYxIiwicXNhIjoiMi45NiIsInFzcCI6IjIuODAifQ%3D%3D&sprefix=skii%2Caps%2C408&sr=8-54,2022-10-12
YEKEYI Women Balaclava Hood hat Winter Cashmere Knitted Beanie Hats Ski Mask Ski Cap Outdoor,"
                    £19.99
                   ","
                      3.9 out of 5 stars
                     ","
                    23
                   ",https://www.amazon.com/YEKEYI-Balaclava-Cashmere-Knitted-Outdoor/dp/B08MT6ZZ4F/ref=sr_1_55?crid=2CAHDTR5AV0UH&keywords=skII&qid=1665564619&qu=eyJxc2MiOiIzLjYxIiwicXNhIjoiMi45NiIsInFzcCI6IjIuODAifQ%3D%3D&sprefix=skii%2Caps%2C408&sr=8-55,2022-10-12
GG ST Balaclava Windproof Ski Mask Winter Thermal Fleece Hood Heavyweight Neck Warmer Snood Outdoor Sports Face Covers Hat For Men & Women,"
                    £13.99
                   ","
                      4.3 out of 5 stars
                     ","
                    2,607
                   ",https://www.amazon.com/GG-ST-Balaclava-Windproof-Heavyweight/dp/B07GNTHWN6/ref=sr_1_56?crid=2CAHDTR5AV0UH&keywords=skII&qid=1665564619&qu=eyJxc2MiOiIzLjYxIiwicXNhIjoiMi45NiIsInFzcCI6IjIuODAifQ%3D%3D&sprefix=skii%2Caps%2C408&sr=8-56,2022-10-12
donhobo Men's Fleece Jacket Winter Waterproof Warm Ski Jackets Windproof Coat With Zip Pockets Hood,"
                      £51.98
                     ","
                        4.4 out of 5 stars
                       ","
                      2,559
                     ",https://www.amazon.com/sspa/click?ie=UTF8&spc=MTo3ODAxMjgwNjY5Njk1NjU4OjE2NjU1NjQ2MTk6c3BfYnRmOjIwMDQzMDM2MDk2MjA2OjowOjo&sp_csd=d2lkZ2V0TmFtZT1zcF9idGY&url=%2Fdonhobo-Waterproof-Jackets-Windproof-Pockets%2Fdp%2FB0787PLRXM%2Fref%3Dsr_1_57_sspa%3Fcrid%3D2CAHDTR5AV0UH%26keywords%3DskII%26qid%3D1665564619%26qu%3DeyJxc2MiOiIzLjYxIiwicXNhIjoiMi45NiIsInFzcCI6IjIuODAifQ%253D%253D%26sprefix%3Dskii%252Caps%252C408%26sr%3D8-57-spons%26psc%3D1,2022-10-12
"NIVEA Cellular LUMINOUS 630 Anti-Dark Spot Advanced Treatment Serum (30ml), Face Serum for Women, Facial Serum For Luminous Skin","
                      £10.00
                     ","
                        4.3 out of 5 stars
                       ","
                      520
                     ",https://www.amazon.com/sspa/click?ie=UTF8&spc=MTo3ODAxMjgwNjY5Njk1NjU4OjE2NjU1NjQ2MTk6c3BfYnRmOjIwMDI3OTMzOTI2ODk4OjowOjo&sp_csd=d2lkZ2V0TmFtZT1zcF9idGY&url=%2FNIVEA-Cellular-LUMINOUS-Anti-Dark-Treatment%2Fdp%2FB096R4DM7Y%2Fref%3Dsr_1_58_sspa%3Fcrid%3D2CAHDTR5AV0UH%26keywords%3DskII%26qid%3D1665564619%26qu%3DeyJxc2MiOiIzLjYxIiwicXNhIjoiMi45NiIsInFzcCI6IjIuODAifQ%253D%253D%26smid%3DA3P5ROKL5A1OLE%26sprefix%3Dskii%252Caps%252C408%26sr%3D8-58-spons%26psc%3D1,2022-10-12
"RAYZOR Ski Goggles Snowboard Goggles For Men & Women – OTG Ski Mask with UV400 Protection – Anti-Fog and Shatterproof Skiing Goggles, Anti-Glare Protective Goggles for Men Women Boys & Girls","
                      £21.95
                     ","
                        4.5 out of 5 stars
                       ","
                      869
                     ",https://www.amazon.com/sspa/click?ie=UTF8&spc=MTo3ODAxMjgwNjY5Njk1NjU4OjE2NjU1NjQ2MTk6c3BfYXRmOjIwMDE2NTI2MzAyMzk4OjowOjo&sp_csd=d2lkZ2V0TmFtZT1zcF9hdGY&url=%2FRayzor-Protection-Comfortable-Shatterproof-Snowmobiles%2Fdp%2FB002MQ6LTY%2Fref%3Dsr_1_1_sspa%3Fcrid%3D2CAHDTR5AV0UH%26keywords%3DskII%26qid%3D1665564619%26qu%3DeyJxc2MiOiIzLjYxIiwicXNhIjoiMi45NiIsInFzcCI6IjIuODAifQ%253D%253D%26sprefix%3Dskii%252Caps%252C408%26sr%3D8-1-spons%26psc%3D1,2022-10-12
Handle Double Shoulder Strap Easily 2Pcs Activities Fixing Fixing Belt Skis Strap Power Training Convenient for Family Skiing Activities,"
                      £10.49
                     ",,,https://www.amazon.com/sspa/click?ie=UTF8&spc=MTo3ODAxMjgwNjY5Njk1NjU4OjE2NjU1NjQ2MTk6c3BfYXRmOjIwMDcxMjg1MDcwMjk4OjowOjo&sp_csd=d2lkZ2V0TmFtZT1zcF9hdGY&url=%2FHandle-Shoulder-Activities-Training-Convenient%2Fdp%2FB09285W6B1%2Fref%3Dsr_1_2_sspa%3Fcrid%3D2CAHDTR5AV0UH%26keywords%3DskII%26qid%3D1665564619%26qu%3DeyJxc2MiOiIzLjYxIiwicXNhIjoiMi45NiIsInFzcCI6IjIuODAifQ%253D%253D%26sprefix%3Dskii%252Caps%252C408%26sr%3D8-2-spons%26psc%3D1,2022-10-12
IMIKEYA 6pcs Ski Straps Adjustable Ski Wraps Ties Ski Board Carrier Fastener Tape Colorful Tape Strap Band for Outdoor Skiing,"
                      £13.29
                     ",,,https://www.amazon.com/sspa/click?ie=UTF8&spc=MTo3ODAxMjgwNjY5Njk1NjU4OjE2NjU1NjQ2MTk6c3BfYXRmOjIwMDU5ODYxMzgwNjAxOjowOjo&sp_csd=d2lkZ2V0TmFtZT1zcF9hdGY&url=%2FIMIKEYA-Adjustable-Carrier-Fastener-Colorful%2Fdp%2FB08YQRQ6B7%2Fref%3Dsr_1_3_sspa%3Fcrid%3D2CAHDTR5AV0UH%26keywords%3DskII%26qid%3D1665564619%26qu%3DeyJxc2MiOiIzLjYxIiwicXNhIjoiMi45NiIsInFzcCI6IjIuODAifQ%253D%253D%26sprefix%3Dskii%252Caps%252C408%26sr%3D8-3-spons%26psc%3D1,2022-10-12
"Pinsofy Ski Shoulder Carrier, Power Training Portable Ski and Pole Carrier Strap, Adjustable 43.3in Skiing Skiers Pole for Fixing Ski","
                      £10.18
                     ",,,https://www.amazon.com/sspa/click?ie=UTF8&spc=MTo3ODAxMjgwNjY5Njk1NjU4OjE2NjU1NjQ2MTk6c3BfYXRmOjIwMDQ2NTYyNDczMjAyOjowOjo&sp_csd=d2lkZ2V0TmFtZT1zcF9hdGY&url=%2FPinsofy-Shoulder-Training-Portable-Adjustable%2Fdp%2FB08P93CBQV%2Fref%3Dsr_1_4_sspa%3Fcrid%3D2CAHDTR5AV0UH%26keywords%3DskII%26qid%3D1665564619%26qu%3DeyJxc2MiOiIzLjYxIiwicXNhIjoiMi45NiIsInFzcCI6IjIuODAifQ%253D%253D%26sprefix%3Dskii%252Caps%252C408%26sr%3D8-4-spons%26psc%3D1,2022-10-12
SK-II Facial Treatment Essence Pitera 7.7oz,"
                    £212.00
                   ","
                      4.4 out of 5 stars
                     ","
                    237
                   ",https://www.amazon.com/SK-II-Facial-Treatment-Essence-Pitera/dp/B01M599DYT/ref=sr_1_5?crid=2CAHDTR5AV0UH&keywords=skII&qid=1665564619&qu=eyJxc2MiOiIzLjYxIiwicXNhIjoiMi45NiIsInFzcCI6IjIuODAifQ%3D%3D&sprefix=skii%2Caps%2C408&sr=8-5,2022-10-12
SK-II GENOPTICS Aura Essence 50ml 2016,"
                    £174.95
                   ","
                      4.1 out of 5 stars
                     ","
                    76
                   ",https://www.amazon.com/SK-II-GENOPTICS-AURA-ESSENCE-50ml/dp/B01BF1SC6Q/ref=sr_1_6?crid=2CAHDTR5AV0UH&keywords=skII&qid=1665564619&qu=eyJxc2MiOiIzLjYxIiwicXNhIjoiMi45NiIsInFzcCI6IjIuODAifQ%3D%3D&sprefix=skii%2Caps%2C408&sr=8-6,2022-10-12
SK-II Facial Treatment Gentle Cleanser - 120ml,"
                    £77.00
                   ","
                      4.1 out of 5 stars
                     ","
                    66
                   ",https://www.amazon.com/SK-II-Cleanser-Facial-Treatment/dp/B00ANEU7HY/ref=sr_1_7?crid=2CAHDTR5AV0UH&keywords=skII&qid=1665564619&qu=eyJxc2MiOiIzLjYxIiwicXNhIjoiMi45NiIsInFzcCI6IjIuODAifQ%3D%3D&sprefix=skii%2Caps%2C408&sr=8-7,2022-10-12
SK-II - Facial Treatment Clear Lotion (230ml),"
                    £83.95
                   ","
                      4.4 out of 5 stars
                     ","
                    189
                   ",https://www.amazon.com/SK-II-Facial-Treatment-Clear-Lotion/dp/B06ZZYQXJG/ref=sr_1_8?crid=2CAHDTR5AV0UH&keywords=skII&qid=1665564619&qu=eyJxc2MiOiIzLjYxIiwicXNhIjoiMi45NiIsInFzcCI6IjIuODAifQ%3D%3D&sprefix=skii%2Caps%2C408&sr=8-8,2022-10-12
Facial Treatment Mask SKII 10 Pcs Treatment For Unisex,"
                    £116.68
                   ","
                      4.4 out of 5 stars
                     ","
                    203
                   ",https://www.amazon.com/Facial-Treatment-Mask-SKII-Unisex/dp/B00JDVP18S/ref=sr_1_9?crid=2CAHDTR5AV0UH&keywords=skII&qid=1665564619&qu=eyJxc2MiOiIzLjYxIiwicXNhIjoiMi45NiIsInFzcCI6IjIuODAifQ%3D%3D&sprefix=skii%2Caps%2C408&sr=8-9,2022-10-12
SK II Facial Treatment Essence 230ml,"
                    £177.21
                   ","
                      4.3 out of 5 stars
                     ","
                    526
                   ",https://www.amazon.com/SK-Facial-Treatment-Essence-230ml/dp/B01296JRMO/ref=sr_1_10?crid=2CAHDTR5AV0UH&keywords=skII&qid=1665564619&qu=eyJxc2MiOiIzLjYxIiwicXNhIjoiMi45NiIsInFzcCI6IjIuODAifQ%3D%3D&sprefix=skii%2Caps%2C408&sr=8-10,2022-10-12
SK-II R.N.A Power Radical New Age Eye Cream 0.5oz,"
                    £99.98
                   ","
                      4.0 out of 5 stars
                     ","
                    121
                   ",https://www.amazon.com/SK-II-Power-Radical-Cream-0-5oz/dp/B0716JS4KX/ref=sr_1_11?crid=2CAHDTR5AV0UH&keywords=skII&qid=1665564619&qu=eyJxc2MiOiIzLjYxIiwicXNhIjoiMi45NiIsInFzcCI6IjIuODAifQ%3D%3D&sprefix=skii%2Caps%2C408&sr=8-11,2022-10-12
DREAM PAIRS Womens Outdoor Snow Boots Ladies Winter Boot Waterproof Lightweight Warm Fashion Shoes,"
                    £34.99
                   ","
                      5.0 out of 5 stars
                     ","
                    1
                   ",https://www.amazon.com/DREAM-PAIRS-Waterproof-Lightweight-SDSB2213W/dp/B09ZLGYNR7/ref=sr_1_12?crid=2CAHDTR5AV0UH&keywords=skII&qid=1665564619&qu=eyJxc2MiOiIzLjYxIiwicXNhIjoiMi45NiIsInFzcCI6IjIuODAifQ%3D%3D&sprefix=skii%2Caps%2C408&sr=8-12,2022-10-12
"Morrisons Chocolate Mousse 6 Pots, 360 g","
                    £1.25
                   ","
                      4.4 out of 5 stars
                     ","
                    702
                   ",https://www.amazon.com/Morrisons-Chocolate-Mousse-60g-pots/dp/B01AWH2NJ6/ref=sr_1_13_f3_0o_morri?crid=2CAHDTR5AV0UH&keywords=skII&qid=1665564619&qu=eyJxc2MiOiIzLjYxIiwicXNhIjoiMi45NiIsInFzcCI6IjIuODAifQ%3D%3D&sprefix=skii%2Caps%2C408&sr=8-13,2022-10-12
"Paula's Choice Skin Perfecting 2% BHA Liquid Exfoliant - Face Exfoliating Peel Fights Blackheads, Breakouts & Enlarged Pores - with Salicylic Acid - Combination, Oily & Acne Prone Skin - 118 ml","
                    £33.00
                   ","
                      4.5 out of 5 stars
                     ","
                    13,124
                   ",https://www.amazon.com/Paulas-Choice-Perfecting-Liquid-Exfoliant/dp/B07PCSNFLP/ref=sr_1_14?crid=2CAHDTR5AV0UH&keywords=skII&qid=1665564619&qu=eyJxc2MiOiIzLjYxIiwicXNhIjoiMi45NiIsInFzcCI6IjIuODAifQ%3D%3D&sprefix=skii%2Caps%2C408&sr=8-14,2022-10-12
MEDIHEAL Official [Korea's No 1 Sheet Mask] - Collagen Essential Lifting & Firming Mask (5 Masks),"
                    £11.05
                   ","
                      4.6 out of 5 stars
                     ","
                    1,392
                   ",https://www.amazon.com/MEDIHEAL-Official-Koreas-Sheet-Mask/dp/B07T32XPCW/ref=sr_1_15?crid=2CAHDTR5AV0UH&keywords=skII&qid=1665564619&qu=eyJxc2MiOiIzLjYxIiwicXNhIjoiMi45NiIsInFzcCI6IjIuODAifQ%3D%3D&sprefix=skii%2Caps%2C408&sr=8-15,2022-10-12
"OutdoorMaster Ski Goggles PRO - Frameless, Interchangeable Lens 100% UV400 Protection Snow Goggles for Men & Women","
                    £37.99
                   ","
                      4.6 out of 5 stars
                     ","
                    7,834
                   ",https://www.amazon.com/OutdoorMaster-Ski-Goggles-PRO-Interchangeable/dp/B014XKTFI0/ref=sr_1_16?crid=2CAHDTR5AV0UH&keywords=skII&qid=1665564619&qu=eyJxc2MiOiIzLjYxIiwicXNhIjoiMi45NiIsInFzcCI6IjIuODAifQ%3D%3D&sprefix=skii%2Caps%2C408&sr=8-16,2022-10-12
Retinol Moisturizer for Face (120ml) – Anti Ageing Face Cream Reduces Scars Ance and Wrinkles with Hyaluronic Acid and Vitamin E,"
                    £18.88
                   ","
                      4.2 out of 5 stars
                     ","
                    7,345
                   ",https://www.amazon.com/2-5-Retinol-Moisturizer-Face-120ml/dp/B017XZVYMC/ref=sr_1_17?crid=2CAHDTR5AV0UH&keywords=skII&qid=1665564619&qu=eyJxc2MiOiIzLjYxIiwicXNhIjoiMi45NiIsInFzcCI6IjIuODAifQ%3D%3D&sprefix=skii%2Caps%2C408&sr=8-17,2022-10-12
Skinfood Facial Mask Rice Wash Off - 3.52 Oz,"
                    £13.00
                   ","
                      4.4 out of 5 stars
                     ","
                    127
                   ",https://www.amazon.com/Skin-food-Rice-Mask-Ounce/dp/B004FKNYWW/ref=sr_1_18?crid=2CAHDTR5AV0UH&keywords=skII&qid=1665564619&qu=eyJxc2MiOiIzLjYxIiwicXNhIjoiMi45NiIsInFzcCI6IjIuODAifQ%3D%3D&sprefix=skii%2Caps%2C408&sr=8-18,2022-10-12
Balaclava Ski Mask for Men Women Face Mask for Cold Weather Winter Windproof Outdoors in Winter Neck Warmer Multifunctional Sports Cold Weather Gear,"
                    £12.88
                   ","
                      4.1 out of 5 stars
                     ","
                    1,748
                   ",https://www.amazon.com/Balaclava-Windproof-Motorcycle-Multifunctional-Snowboard/dp/B0756RNPR8/ref=sr_1_19?crid=2CAHDTR5AV0UH&keywords=skII&qid=1665564619&qu=eyJxc2MiOiIzLjYxIiwicXNhIjoiMi45NiIsInFzcCI6IjIuODAifQ%3D%3D&sprefix=skii%2Caps%2C408&sr=8-19,2022-10-12
"SLOPE WARRIOR Cosmic Rider Merino Wool Alpine Performance Socks, for Men, Women, Shin Padding, Fast Drying, Warm, Knee High Thermal Socks for Ski, Snowboarding and Mountaineering","
                    £18.60
                   ","
                      4.1 out of 5 stars
                     ","
                    4
                   ",https://www.amazon.com/SLOPE-WARRIOR-Cosmic-Rider-High-Performance/dp/B07SX7RL28/ref=sr_1_20?crid=2CAHDTR5AV0UH&keywords=skII&qid=1665564619&qu=eyJxc2MiOiIzLjYxIiwicXNhIjoiMi45NiIsInFzcCI6IjIuODAifQ%3D%3D&sprefix=skii%2Caps%2C408&sr=8-20,2022-10-12
NORTIV 8 Men's 170410 Insulated Waterproof Construction Hiking Winter Snow Boots,"
                    £46.99
                   ","
                      4.4 out of 5 stars
                     ","
                    4,198
                   ",https://www.amazon.com/NORTIV-170410-Waterproof-Winter-Boots/dp/B07FS7B753/ref=sr_1_21?crid=2CAHDTR5AV0UH&keywords=skII&qid=1665564619&qu=eyJxc2MiOiIzLjYxIiwicXNhIjoiMi45NiIsInFzcCI6IjIuODAifQ%3D%3D&sprefix=skii%2Caps%2C408&sr=8-21,2022-10-12
"Snowledge Ski Snowboard Goggles with UV400 Protection, Skiing Snowboarding Goggles of Dual Lens with Anti Fog for Men, Women,Helmet Compatible","
                    £27.99
                   ","
                      4.5 out of 5 stars
                     ","
                    782
                   ",https://www.amazon.com/Snowledge-Snowboard-Goggles-Protection-Compatible/dp/B07GQN2PJ4/ref=sr_1_22?crid=2CAHDTR5AV0UH&keywords=skII&qid=1665564619&qu=eyJxc2MiOiIzLjYxIiwicXNhIjoiMi45NiIsInFzcCI6IjIuODAifQ%3D%3D&sprefix=skii%2Caps%2C408&sr=8-22,2022-10-12
"Merino Wool Ski Socks, Cold Weather Knee-High Thermal Socks for Winter, Snow, Snowboarding, Hiking","
                    £22.31
                   ","
                      4.7 out of 5 stars
                     ","
                    122
                   ",https://www.amazon.com/Merino-Weather-Knee-High-Thermal-Snowboarding/dp/B09M3HCSGS/ref=sr_1_23?crid=2CAHDTR5AV0UH&keywords=skII&qid=1665564619&qu=eyJxc2MiOiIzLjYxIiwicXNhIjoiMi45NiIsInFzcCI6IjIuODAifQ%3D%3D&sprefix=skii%2Caps%2C408&sr=8-23,2022-10-12
OutdoorMaster Ski Goggles PRO Replacement Lens,"
                    £27.99
                   ","
                      4.6 out of 5 stars
                     ","
                    2,372
                   ",https://www.amazon.com/OutdoorMaster-Ski-Goggles-Replacement-Lens/dp/B074JY1NHC/ref=sr_1_24?crid=2CAHDTR5AV0UH&keywords=skII&qid=1665564619&qu=eyJxc2MiOiIzLjYxIiwicXNhIjoiMi45NiIsInFzcCI6IjIuODAifQ%3D%3D&sprefix=skii%2Caps%2C408&sr=8-24,2022-10-12
"Merino Wool Socks High Performance Compression Ski Socks Mens and Women Thermal Knee High Socks, 2 Pairs","
                    £25.99
                   ","
                      4.4 out of 5 stars
                     ","
                    39
                   ",https://www.amazon.com/Merino-Performance-Compression-Socks-Thermal/dp/B09MD5RHY3/ref=sr_1_25?crid=2CAHDTR5AV0UH&keywords=skII&qid=1665564619&qu=eyJxc2MiOiIzLjYxIiwicXNhIjoiMi45NiIsInFzcCI6IjIuODAifQ%3D%3D&sprefix=skii%2Caps%2C408&sr=8-25,2022-10-12
DREAM PAIRS Women’s Waterproof Wellington Duck Rain Boots Outdoor Ankle Low Heel Snow Boots Ladies Originals Lace-up Winter Boots,"
                    £29.99
                   ","
                      5.0 out of 5 stars
                     ","
                    1
                   ",https://www.amazon.com/DREAM-PAIRS-Originals-Waterproof-SDSB2211W-1/dp/B09ZLGFH4D/ref=sr_1_26?crid=2CAHDTR5AV0UH&keywords=skII&qid=1665564619&qu=eyJxc2MiOiIzLjYxIiwicXNhIjoiMi45NiIsInFzcCI6IjIuODAifQ%3D%3D&sprefix=skii%2Caps%2C408&sr=8-26,2022-10-12
"RAYZOR Ski Goggles Snowboard Goggles For Men & Women – OTG Ski Mask with UV400 Protection – Anti-Fog and Shatterproof Skiing Goggles, Anti-Glare Protective Goggles for Men Women Boys & Girls","
                    £21.95
                   ","
                      4.5 out of 5 stars
                     ","
                    869
                   ",https://www.amazon.com/Rayzor-Protection-Comfortable-Shatterproof-Snowmobiles/dp/B002MQ6LTY/ref=sr_1_27?crid=2CAHDTR5AV0UH&keywords=skII&qid=1665564619&qu=eyJxc2MiOiIzLjYxIiwicXNhIjoiMi45NiIsInFzcCI6IjIuODAifQ%3D%3D&sprefix=skii%2Caps%2C408&sr=8-27,2022-10-12
5 Pairs Mens High Performance Thermal Ski Socks - Multicoloured - Mens UK Size 6-11 (EU 39-45),"
                    £11.95
                   ","
                      4.3 out of 5 stars
                     ","
                    363
                   ",https://www.amazon.com/SX167-6-11-Mens-Socks-Pack-6-11/dp/B08M3QKF95/ref=sr_1_28?crid=2CAHDTR5AV0UH&keywords=skII&qid=1665564619&qu=eyJxc2MiOiIzLjYxIiwicXNhIjoiMi45NiIsInFzcCI6IjIuODAifQ%3D%3D&sprefix=skii%2Caps%2C408&sr=8-28,2022-10-12
"SPOSUNE OTG Ski Goggles - Over Glasses Snow Snowboard Goggle with Anti fog Dual lens for Men Women Youth Kids Skiing Skating Snowmobile, Windproof UV400 Protection Winter Sports Protective Glasses","
                    £25.99
                   ","
                      4.6 out of 5 stars
                     ","
                    705
                   ",https://www.amazon.com/SPOSUNE-Protection-Spherical-Snowboard-Compatible/dp/B07WP2LSLR/ref=sr_1_29?crid=2CAHDTR5AV0UH&keywords=skII&qid=1665564619&qu=eyJxc2MiOiIzLjYxIiwicXNhIjoiMi45NiIsInFzcCI6IjIuODAifQ%3D%3D&sprefix=skii%2Caps%2C408&sr=8-29,2022-10-12
SAITAG Balaclava Ski Mask Warm Face Mask for Cold Weather Winter Skiing Snowboarding Motorcycling Ice Fishing Men,"
                    £17.59
                   ","
                      4.6 out of 5 stars
                     ","
                    364
                   ",https://www.amazon.com/SAITAG-Balaclava-Weather-Snowboarding-Motorcycling/dp/B09D2VX1F6/ref=sr_1_30?crid=2CAHDTR5AV0UH&keywords=skII&qid=1665564619&qu=eyJxc2MiOiIzLjYxIiwicXNhIjoiMi45NiIsInFzcCI6IjIuODAifQ%3D%3D&sprefix=skii%2Caps%2C408&sr=8-30,2022-10-12
"2 Pairs Men's Wool Socks, 80% Merino, Hiking Walking Thermal Athletic Socks for Winter Outdoor Recreation Trekking Climbing(UK M-L)","
                    £11.99
                   ","
                      4.4 out of 5 stars
                     ","
                    513
                   ",https://www.amazon.com/Walking-Athletic-Recreation-Trekking-Climbing/dp/B07XGK6VDJ/ref=sr_1_31?crid=2CAHDTR5AV0UH&keywords=skII&qid=1665564619&qu=eyJxc2MiOiIzLjYxIiwicXNhIjoiMi45NiIsInFzcCI6IjIuODAifQ%3D%3D&sprefix=skii%2Caps%2C408&sr=8-31,2022-10-12
"Mountain Warehouse Kids Ski Jacket & Trousers Set - Snowproof Ski Outfit, Front Pockets, Fleece Lined Skiwear, Integrated Snowskirt - Best for Winter Snowboarding","
                    £59.99
                   ","
                      4.6 out of 5 stars
                     ","
                    1,423
                   ",https://www.amazon.com/Mountain-Warehouse-Kids-Jacket-Trousers/dp/B08SKQJ5R6/ref=sr_1_32?crid=2CAHDTR5AV0UH&keywords=skII&qid=1665564619&qu=eyJxc2MiOiIzLjYxIiwicXNhIjoiMi45NiIsInFzcCI6IjIuODAifQ%3D%3D&sprefix=skii%2Caps%2C408&sr=8-32,2022-10-12
"DANISH ENDURANCE Merino Wool Performance Ski Socks, Shin Padding, for Men, Women, Kids, 1 Pack","
                      £26.95
                     ","
                        4.4 out of 5 stars
                       ","
                      3,455
                     ",https://www.amazon.com/sspa/click?ie=UTF8&spc=MTo3ODAxMjgwNjY5Njk1NjU4OjE2NjU1NjQ2MTk6c3BfbXRmOjIwMDcwNDgxMjAzMTA4OjowOjo&sp_csd=d2lkZ2V0TmFtZT1zcF9tdGY&url=%2FDANISH-ENDURANCE-Alpine-Performance-Yellow%2Fdp%2FB07G4BYKTC%2Fref%3Dsr_1_33_sspa%3Fcrid%3D2CAHDTR5AV0UH%26keywords%3DskII%26qid%3D1665564619%26qu%3DeyJxc2MiOiIzLjYxIiwicXNhIjoiMi45NiIsInFzcCI6IjIuODAifQ%253D%253D%26sprefix%3Dskii%252Caps%252C408%26sr%3D8-33-spons%26psc%3D1,2022-10-12
AKSIUM ACCESS,"
                      £38.96
                     ","
                        4.5 out of 5 stars
                       ","
                      656
                     ",https://www.amazon.com/sspa/click?ie=UTF8&spc=MTo3ODAxMjgwNjY5Njk1NjU4OjE2NjU1NjQ2MTk6c3BfbXRmOjIwMDgxNTY2OTkzNTk4OjowOjo&sp_csd=d2lkZ2V0TmFtZT1zcF9tdGY&url=%2FSalomon-Aksium-Goggles-Universal-L40846100%2Fdp%2FB07WKN59J7%2Fref%3Dsr_1_34_sspa%3Fcrid%3D2CAHDTR5AV0UH%26keywords%3DskII%26qid%3D1665564619%26qu%3DeyJxc2MiOiIzLjYxIiwicXNhIjoiMi45NiIsInFzcCI6IjIuODAifQ%253D%253D%26sprefix%3Dskii%252Caps%252C408%26sr%3D8-34-spons%26psc%3D1,2022-10-12
"JVR Blackhead Remover Mask for Men, Bamboo Charcoal Peel Off Black Mask, Purifying & Deep Cleansing for All Skin Types 120g","
                      £9.99
                     ","
                        4.0 out of 5 stars
                       ","
                      504
                     ",https://www.amazon.com/sspa/click?ie=UTF8&spc=MTo3ODAxMjgwNjY5Njk1NjU4OjE2NjU1NjQ2MTk6c3BfbXRmOjIwMDc2NTczMzAyMzk4OjowOjo&sp_csd=d2lkZ2V0TmFtZT1zcF9tdGY&url=%2FJVR-Blackhead-Charcoal-Purifying-Cleansing%2Fdp%2FB087JBPNT5%2Fref%3Dsr_1_35_sspa%3Fcrid%3D2CAHDTR5AV0UH%26keywords%3DskII%26qid%3D1665564619%26qu%3DeyJxc2MiOiIzLjYxIiwicXNhIjoiMi45NiIsInFzcCI6IjIuODAifQ%253D%253D%26sprefix%3Dskii%252Caps%252C408%26sr%3D8-35-spons%26psc%3D1,2022-10-12
REN Clean Skincare Supersize Overnight Recovery Balm 50ml,"
                      £49.00
                     ",,"
                     (£98.00/100 ml)
                    ",https://www.amazon.com/sspa/click?ie=UTF8&spc=MTo3ODAxMjgwNjY5Njk1NjU4OjE2NjU1NjQ2MTk6c3BfbXRmOjIwMDY4Mjg2NjY1ODk4OjowOjo&sp_csd=d2lkZ2V0TmFtZT1zcF9tdGY&url=%2FREN-Clean-Skincare-Supersize-Overnight%2Fdp%2FB09NQFPQ4N%2Fref%3Dsr_1_36_sspa%3Fcrid%3D2CAHDTR5AV0UH%26keywords%3DskII%26qid%3D1665564619%26qu%3DeyJxc2MiOiIzLjYxIiwicXNhIjoiMi45NiIsInFzcCI6IjIuODAifQ%253D%253D%26smid%3DA3P5ROKL5A1OLE%26sprefix%3Dskii%252Caps%252C408%26sr%3D8-36-spons%26psc%3D1,2022-10-12
Blulu Ski Mask Winter Balaclava Ski Mask Warm Full Face Ski Mask Thermal Men Ski Mask 3 Hole Knit Face Mask for Outdoor Sports,"
                    £7.59
                   ","
                      3.9 out of 5 stars
                     ","
                    92
                   ",https://www.amazon.com/Winter-Balaclava-Thermal-3-Hole-Outdoor/dp/B09J16SXYJ/ref=sr_1_37?crid=2CAHDTR5AV0UH&keywords=skII&qid=1665564619&qu=eyJxc2MiOiIzLjYxIiwicXNhIjoiMi45NiIsInFzcCI6IjIuODAifQ%3D%3D&sprefix=skii%2Caps%2C408&sr=8-37,2022-10-12
"coskefy Thermal Gloves, -20℉ Coldproof Touchscreen Ski Gloves Waterproof Winter Gloves 3M Thinsulate Snow Gloves for Walking Snowboarding Hiking Outdoor","
                    £11.04
                   ","
                      4.5 out of 5 stars
                     ","
                    1,967
                   ",https://www.amazon.com/coskefy-Thermal-Thinsulate-Touchscreen-Snowboarding/dp/B07HGQMK4H/ref=sr_1_38?crid=2CAHDTR5AV0UH&keywords=skII&qid=1665564619&qu=eyJxc2MiOiIzLjYxIiwicXNhIjoiMi45NiIsInFzcCI6IjIuODAifQ%3D%3D&smid=A3PNIR7C4EEUQS&sprefix=skii%2Caps%2C408&sr=8-38,2022-10-12
BODY ARMOUR CE MOTORBIKE/MOTORCYCLE/MOTOCROSS SKIING SKATING SNOW BOARD IMPACT PADDED SPINE GUARD PROTECTIVE SUIT (M),"
                    £49.99
                   ","
                      3.5 out of 5 stars
                     ","
                    8
                   ",https://www.amazon.com/ARMOUR-MOTORBIKE-MOTORCYCLE-MOTOCROSS-PROTECTIVE/dp/B07DCFMPB3/ref=sr_1_39?crid=2CAHDTR5AV0UH&keywords=skII&qid=1665564619&qu=eyJxc2MiOiIzLjYxIiwicXNhIjoiMi45NiIsInFzcCI6IjIuODAifQ%3D%3D&sprefix=skii%2Caps%2C408&sr=8-39,2022-10-12
4 Pairs of Mens High Performance Thermal Ski Socks-Assorted-UK 6 - 11 ( Eur 39 - 45 ),"
                    £12.95
                   ","
                      4.5 out of 5 stars
                     ","
                    4,028
                   ",https://www.amazon.com/Pairs-Mens-Performance-Thermal-Socks-Assorted-UK/dp/B01N59WFGI/ref=sr_1_40?crid=2CAHDTR5AV0UH&keywords=skII&qid=1665564619&qu=eyJxc2MiOiIzLjYxIiwicXNhIjoiMi45NiIsInFzcCI6IjIuODAifQ%3D%3D&sprefix=skii%2Caps%2C408&sr=8-40,2022-10-12
Sakkas Booker Cashmere Feel Solid Colored Unisex Winter Scarf With Fringe,"
                    £12.99
                   ","
                      4.4 out of 5 stars
                     ","
                    443
                   ",https://www.amazon.com/Sakkas-1590-Booker-Cashmere-Colored/dp/B07CP2KVM9/ref=sr_1_42?crid=2CAHDTR5AV0UH&keywords=skII&qid=1665564619&qu=eyJxc2MiOiIzLjYxIiwicXNhIjoiMi45NiIsInFzcCI6IjIuODAifQ%3D%3D&sprefix=skii%2Caps%2C408&sr=8-42,2022-10-12
"L'Oréal Paris Perfect Golden Age Re-Activating Essence, 125ml","
                    £16.99
                   ","
                      4.5 out of 5 stars
                     ","
                    631
                   ",https://www.amazon.com/LOr%C3%A9al-Perfect-Golden-Re-Activating-Essence/dp/B01AIPJ4A8/ref=sr_1_43?crid=2CAHDTR5AV0UH&keywords=skII&qid=1665564619&qu=eyJxc2MiOiIzLjYxIiwicXNhIjoiMi45NiIsInFzcCI6IjIuODAifQ%3D%3D&sprefix=skii%2Caps%2C408&sr=8-43,2022-10-12
donhobo Men's Fleece Jacket Winter Waterproof Warm Ski Jackets Windproof Coat With Zip Pockets Hood,"
                    £51.98
                   ","
                      4.4 out of 5 stars
                     ","
                    2,559
                   ",https://www.amazon.com/donhobo-Waterproof-Jackets-Windproof-Pockets/dp/B0787PLRXM/ref=sr_1_44?crid=2CAHDTR5AV0UH&keywords=skII&qid=1665564619&qu=eyJxc2MiOiIzLjYxIiwicXNhIjoiMi45NiIsInFzcCI6IjIuODAifQ%3D%3D&sprefix=skii%2Caps%2C408&sr=8-44,2022-10-12
Sock Stack 4 Pairs Of Mens Performance Ski Sock Long Thermal Heat Pro Winter Cushioned Arch Support Snowboard Socks With Full Terry Socks UK Size 6-11,"
                    £9.95
                   ","
                      4.2 out of 5 stars
                     ","
                    223
                   ",https://www.amazon.com/Sock-Stack-Performance-Cushioned-Snowboard/dp/B07YRXCDVJ/ref=sr_1_45?crid=2CAHDTR5AV0UH&keywords=skII&qid=1665564619&qu=eyJxc2MiOiIzLjYxIiwicXNhIjoiMi45NiIsInFzcCI6IjIuODAifQ%3D%3D&sprefix=skii%2Caps%2C408&sr=8-45,2022-10-12
DREAM PAIRS Boys Girls Faux Fur Lined Winter Snow Boots (Toddler/Little Kid/Big Kid) Shorty-K,"
                    £29.99
                   ","
                      4.6 out of 5 stars
                     ","
                    6,149
                   ",https://www.amazon.com/Dream-Shorty-K-Chesnut-Sheepskin-Winter/dp/B07MZSY43Q/ref=sr_1_46?crid=2CAHDTR5AV0UH&keywords=skII&qid=1665564619&qu=eyJxc2MiOiIzLjYxIiwicXNhIjoiMi45NiIsInFzcCI6IjIuODAifQ%3D%3D&sprefix=skii%2Caps%2C408&sr=8-46,2022-10-12
"SECRET KEY Starting Treatment Essence Rose Edition 5.07 fl.oz. (150ml) - 94% Galactonyces Fermented Filtrate & Rose Flower Water, Anti-Wrikle & Moisturizing First Step Skin Care Essence, Paraben Free","
                    £23.95
                   ","
                      4.6 out of 5 stars
                     ","
                    206
                   ",https://www.amazon.com/Secret-Key-Starting-Treatment-Essence_Rose/dp/B01HCH690S/ref=sr_1_47?crid=2CAHDTR5AV0UH&keywords=skII&qid=1665564619&qu=eyJxc2MiOiIzLjYxIiwicXNhIjoiMi45NiIsInFzcCI6IjIuODAifQ%3D%3D&sprefix=skii%2Caps%2C408&sr=8-47,2022-10-12
4 Pairs High Performance Ladies Ski Socks Long Hose Thermal Socks-Assorted-UK 4 - 7,"
                    £12.95
                   ","
                      4.5 out of 5 stars
                     ","
                    2,891
                   ",https://www.amazon.com/Pairs-Performance-Ladies-Thermal-Socks-Assorted-UK/dp/B01N5MCB4M/ref=sr_1_48?crid=2CAHDTR5AV0UH&keywords=skII&qid=1665564619&qu=eyJxc2MiOiIzLjYxIiwicXNhIjoiMi45NiIsInFzcCI6IjIuODAifQ%3D%3D&sprefix=skii%2Caps%2C408&sr=8-48,2022-10-12
"Odoland OTG Ski Goggles Set with Detachable Lens, Frameless Interchangeable Magnetic Lens for Skiing Skating Snowboard, Anti-Fog and UV400 Protection Snow Goggles for Men and Women","
                    £39.99
                   ","
                      4.6 out of 5 stars
                     ","
                    492
                   ",https://www.amazon.com/Odoland-Detachable-Interchangeable-Snowmobiles-Protection/dp/B08CGZMM1C/ref=sr_1_50?crid=2CAHDTR5AV0UH&keywords=skII&qid=1665564619&qu=eyJxc2MiOiIzLjYxIiwicXNhIjoiMi45NiIsInFzcCI6IjIuODAifQ%3D%3D&sprefix=skii%2Caps%2C408&sr=8-50,2022-10-12
"Winter Neck Warmer Neck Gaiter Ski Snood for Men with Thermal Fleece Waterproof Fabric, Face Covering Multifunction Headwear Elastic Tube Face Scarf Face Shield for Sports Cycling Skiing, Running","
                    £8.99
                   ","
                      4.4 out of 5 stars
                     ","
                    607
                   ",https://www.amazon.com/Thermal-Waterproof-Covering-Multifunction-Headwear/dp/B08P3JBG38/ref=sr_1_51?crid=2CAHDTR5AV0UH&keywords=skII&qid=1665564619&qu=eyJxc2MiOiIzLjYxIiwicXNhIjoiMi45NiIsInFzcCI6IjIuODAifQ%3D%3D&sprefix=skii%2Caps%2C408&sr=8-51,2022-10-12
"DANISH ENDURANCE Merino Wool Performance Ski Socks, Shin Padding, for Men, Women, Kids, 1 Pack","
                    £26.95
                   ","
                      4.4 out of 5 stars
                     ","
                    3,455
                   ",https://www.amazon.com/DANISH-ENDURANCE-Alpine-Performance-Socks/dp/B07HKB1RS2/ref=sr_1_52?crid=2CAHDTR5AV0UH&keywords=skII&qid=1665564619&qu=eyJxc2MiOiIzLjYxIiwicXNhIjoiMi45NiIsInFzcCI6IjIuODAifQ%3D%3D&sprefix=skii%2Caps%2C408&sr=8-52,2022-10-12
"findway Ski Goggles, Skiing Goggles For Snowboard Jet Snow, For Women Men Ladies Youth Teen OTG Over Helmet Compatible, Anti-fog 100% UV Protection, Anti-glare Ski Goggles, For Skiing Snowboarding","
                    £19.99
                   ","
                      4.5 out of 5 stars
                     ","
                    1,258
                   ",https://www.amazon.com/findway-Compatible-Protection-Anti-glare-Snowboarding/dp/B07MVWWZ3X/ref=sr_1_53?crid=2CAHDTR5AV0UH&keywords=skII&qid=1665564619&qu=eyJxc2MiOiIzLjYxIiwicXNhIjoiMi45NiIsInFzcCI6IjIuODAifQ%3D%3D&sprefix=skii%2Caps%2C408&sr=8-53,2022-10-12
"DANISH ENDURANCE Merino Wool Performance Ski Socks, Shin Padding, for Men, Women, Kids, 2 Pack","
                    £37.95
                   ","
                      4.5 out of 5 stars
                     ","
                    827
                   ",https://www.amazon.com/Alpine-Performance-Socks-packs-Multicolour/dp/B07XYZXYCS/ref=sr_1_54?crid=2CAHDTR5AV0UH&keywords=skII&qid=1665564619&qu=eyJxc2MiOiIzLjYxIiwicXNhIjoiMi45NiIsInFzcCI6IjIuODAifQ%3D%3D&sprefix=skii%2Caps%2C408&sr=8-54,2022-10-12
YEKEYI Women Balaclava Hood hat Winter Cashmere Knitted Beanie Hats Ski Mask Ski Cap Outdoor,"
                    £19.99
                   ","
                      3.9 out of 5 stars
                     ","
                    23
                   ",https://www.amazon.com/YEKEYI-Balaclava-Cashmere-Knitted-Outdoor/dp/B08MT6ZZ4F/ref=sr_1_55?crid=2CAHDTR5AV0UH&keywords=skII&qid=1665564619&qu=eyJxc2MiOiIzLjYxIiwicXNhIjoiMi45NiIsInFzcCI6IjIuODAifQ%3D%3D&sprefix=skii%2Caps%2C408&sr=8-55,2022-10-12
GG ST Balaclava Windproof Ski Mask Winter Thermal Fleece Hood Heavyweight Neck Warmer Snood Outdoor Sports Face Covers Hat For Men & Women,"
                    £13.99
                   ","
                      4.3 out of 5 stars
                     ","
                    2,607
                   ",https://www.amazon.com/GG-ST-Balaclava-Windproof-Heavyweight/dp/B07GNTHWN6/ref=sr_1_56?crid=2CAHDTR5AV0UH&keywords=skII&qid=1665564619&qu=eyJxc2MiOiIzLjYxIiwicXNhIjoiMi45NiIsInFzcCI6IjIuODAifQ%3D%3D&sprefix=skii%2Caps%2C408&sr=8-56,2022-10-12
donhobo Men's Fleece Jacket Winter Waterproof Warm Ski Jackets Windproof Coat With Zip Pockets Hood,"
                      £51.98
                     ","
                        4.4 out of 5 stars
                       ","
                      2,559
                     ",https://www.amazon.com/sspa/click?ie=UTF8&spc=MTo3ODAxMjgwNjY5Njk1NjU4OjE2NjU1NjQ2MTk6c3BfYnRmOjIwMDQzMDM2MDk2MjA2OjowOjo&sp_csd=d2lkZ2V0TmFtZT1zcF9idGY&url=%2Fdonhobo-Waterproof-Jackets-Windproof-Pockets%2Fdp%2FB0787PLRXM%2Fref%3Dsr_1_57_sspa%3Fcrid%3D2CAHDTR5AV0UH%26keywords%3DskII%26qid%3D1665564619%26qu%3DeyJxc2MiOiIzLjYxIiwicXNhIjoiMi45NiIsInFzcCI6IjIuODAifQ%253D%253D%26sprefix%3Dskii%252Caps%252C408%26sr%3D8-57-spons%26psc%3D1,2022-10-12
"NIVEA Cellular LUMINOUS 630 Anti-Dark Spot Advanced Treatment Serum (30ml), Face Serum for Women, Facial Serum For Luminous Skin","
                      £10.00
                     ","
                        4.3 out of 5 stars
                       ","
                      520
                     ",https://www.amazon.com/sspa/click?ie=UTF8&spc=MTo3ODAxMjgwNjY5Njk1NjU4OjE2NjU1NjQ2MTk6c3BfYnRmOjIwMDI3OTMzOTI2ODk4OjowOjo&sp_csd=d2lkZ2V0TmFtZT1zcF9idGY&url=%2FNIVEA-Cellular-LUMINOUS-Anti-Dark-Treatment%2Fdp%2FB096R4DM7Y%2Fref%3Dsr_1_58_sspa%3Fcrid%3D2CAHDTR5AV0UH%26keywords%3DskII%26qid%3D1665564619%26qu%3DeyJxc2MiOiIzLjYxIiwicXNhIjoiMi45NiIsInFzcCI6IjIuODAifQ%253D%253D%26smid%3DA3P5ROKL5A1OLE%26sprefix%3Dskii%252Caps%252C408%26sr%3D8-58-spons%26psc%3D1,2022-10-12
"RAYZOR Ski Goggles Snowboard Goggles For Men & Women – OTG Ski Mask with UV400 Protection – Anti-Fog and Shatterproof Skiing Goggles, Anti-Glare Protective Goggles for Men Women Boys & Girls","
                      £21.95
                     ","
                        4.5 out of 5 stars
                       ","
                      869
                     ",https://www.amazon.com/sspa/click?ie=UTF8&spc=MTo3ODAxMjgwNjY5Njk1NjU4OjE2NjU1NjQ2MTk6c3BfYXRmOjIwMDE2NTI2MzAyMzk4OjowOjo&sp_csd=d2lkZ2V0TmFtZT1zcF9hdGY&url=%2FRayzor-Protection-Comfortable-Shatterproof-Snowmobiles%2Fdp%2FB002MQ6LTY%2Fref%3Dsr_1_1_sspa%3Fcrid%3D2CAHDTR5AV0UH%26keywords%3DskII%26qid%3D1665564619%26qu%3DeyJxc2MiOiIzLjYxIiwicXNhIjoiMi45NiIsInFzcCI6IjIuODAifQ%253D%253D%26sprefix%3Dskii%252Caps%252C408%26sr%3D8-1-spons%26psc%3D1,2022-10-12
Handle Double Shoulder Strap Easily 2Pcs Activities Fixing Fixing Belt Skis Strap Power Training Convenient for Family Skiing Activities,"
                      £10.49
                     ",,,https://www.amazon.com/sspa/click?ie=UTF8&spc=MTo3ODAxMjgwNjY5Njk1NjU4OjE2NjU1NjQ2MTk6c3BfYXRmOjIwMDcxMjg1MDcwMjk4OjowOjo&sp_csd=d2lkZ2V0TmFtZT1zcF9hdGY&url=%2FHandle-Shoulder-Activities-Training-Convenient%2Fdp%2FB09285W6B1%2Fref%3Dsr_1_2_sspa%3Fcrid%3D2CAHDTR5AV0UH%26keywords%3DskII%26qid%3D1665564619%26qu%3DeyJxc2MiOiIzLjYxIiwicXNhIjoiMi45NiIsInFzcCI6IjIuODAifQ%253D%253D%26sprefix%3Dskii%252Caps%252C408%26sr%3D8-2-spons%26psc%3D1,2022-10-12
IMIKEYA 6pcs Ski Straps Adjustable Ski Wraps Ties Ski Board Carrier Fastener Tape Colorful Tape Strap Band for Outdoor Skiing,"
                      £13.29
                     ",,,https://www.amazon.com/sspa/click?ie=UTF8&spc=MTo3ODAxMjgwNjY5Njk1NjU4OjE2NjU1NjQ2MTk6c3BfYXRmOjIwMDU5ODYxMzgwNjAxOjowOjo&sp_csd=d2lkZ2V0TmFtZT1zcF9hdGY&url=%2FIMIKEYA-Adjustable-Carrier-Fastener-Colorful%2Fdp%2FB08YQRQ6B7%2Fref%3Dsr_1_3_sspa%3Fcrid%3D2CAHDTR5AV0UH%26keywords%3DskII%26qid%3D1665564619%26qu%3DeyJxc2MiOiIzLjYxIiwicXNhIjoiMi45NiIsInFzcCI6IjIuODAifQ%253D%253D%26sprefix%3Dskii%252Caps%252C408%26sr%3D8-3-spons%26psc%3D1,2022-10-12
"Pinsofy Ski Shoulder Carrier, Power Training Portable Ski and Pole Carrier Strap, Adjustable 43.3in Skiing Skiers Pole for Fixing Ski","
                      £10.18
                     ",,,https://www.amazon.com/sspa/click?ie=UTF8&spc=MTo3ODAxMjgwNjY5Njk1NjU4OjE2NjU1NjQ2MTk6c3BfYXRmOjIwMDQ2NTYyNDczMjAyOjowOjo&sp_csd=d2lkZ2V0TmFtZT1zcF9hdGY&url=%2FPinsofy-Shoulder-Training-Portable-Adjustable%2Fdp%2FB08P93CBQV%2Fref%3Dsr_1_4_sspa%3Fcrid%3D2CAHDTR5AV0UH%26keywords%3DskII%26qid%3D1665564619%26qu%3DeyJxc2MiOiIzLjYxIiwicXNhIjoiMi45NiIsInFzcCI6IjIuODAifQ%253D%253D%26sprefix%3Dskii%252Caps%252C408%26sr%3D8-4-spons%26psc%3D1,2022-10-12
SK-II Facial Treatment Essence Pitera 7.7oz,"
                    £212.00
                   ","
                      4.4 out of 5 stars
                     ","
                    237
                   ",https://www.amazon.com/SK-II-Facial-Treatment-Essence-Pitera/dp/B01M599DYT/ref=sr_1_5?crid=2CAHDTR5AV0UH&keywords=skII&qid=1665564619&qu=eyJxc2MiOiIzLjYxIiwicXNhIjoiMi45NiIsInFzcCI6IjIuODAifQ%3D%3D&sprefix=skii%2Caps%2C408&sr=8-5,2022-10-12
SK-II GENOPTICS Aura Essence 50ml 2016,"
                    £174.95
                   ","
                      4.1 out of 5 stars
                     ","
                    76
                   ",https://www.amazon.com/SK-II-GENOPTICS-AURA-ESSENCE-50ml/dp/B01BF1SC6Q/ref=sr_1_6?crid=2CAHDTR5AV0UH&keywords=skII&qid=1665564619&qu=eyJxc2MiOiIzLjYxIiwicXNhIjoiMi45NiIsInFzcCI6IjIuODAifQ%3D%3D&sprefix=skii%2Caps%2C408&sr=8-6,2022-10-12
SK-II Facial Treatment Gentle Cleanser - 120ml,"
                    £77.00
                   ","
                      4.1 out of 5 stars
                     ","
                    66
                   ",https://www.amazon.com/SK-II-Cleanser-Facial-Treatment/dp/B00ANEU7HY/ref=sr_1_7?crid=2CAHDTR5AV0UH&keywords=skII&qid=1665564619&qu=eyJxc2MiOiIzLjYxIiwicXNhIjoiMi45NiIsInFzcCI6IjIuODAifQ%3D%3D&sprefix=skii%2Caps%2C408&sr=8-7,2022-10-12
SK-II - Facial Treatment Clear Lotion (230ml),"
                    £83.95
                   ","
                      4.4 out of 5 stars
                     ","
                    189
                   ",https://www.amazon.com/SK-II-Facial-Treatment-Clear-Lotion/dp/B06ZZYQXJG/ref=sr_1_8?crid=2CAHDTR5AV0UH&keywords=skII&qid=1665564619&qu=eyJxc2MiOiIzLjYxIiwicXNhIjoiMi45NiIsInFzcCI6IjIuODAifQ%3D%3D&sprefix=skii%2Caps%2C408&sr=8-8,2022-10-12
Facial Treatment Mask SKII 10 Pcs Treatment For Unisex,"
                    £116.68
                   ","
                      4.4 out of 5 stars
                     ","
                    203
                   ",https://www.amazon.com/Facial-Treatment-Mask-SKII-Unisex/dp/B00JDVP18S/ref=sr_1_9?crid=2CAHDTR5AV0UH&keywords=skII&qid=1665564619&qu=eyJxc2MiOiIzLjYxIiwicXNhIjoiMi45NiIsInFzcCI6IjIuODAifQ%3D%3D&sprefix=skii%2Caps%2C408&sr=8-9,2022-10-12
SK II Facial Treatment Essence 230ml,"
                    £177.21
                   ","
                      4.3 out of 5 stars
                     ","
                    526
                   ",https://www.amazon.com/SK-Facial-Treatment-Essence-230ml/dp/B01296JRMO/ref=sr_1_10?crid=2CAHDTR5AV0UH&keywords=skII&qid=1665564619&qu=eyJxc2MiOiIzLjYxIiwicXNhIjoiMi45NiIsInFzcCI6IjIuODAifQ%3D%3D&sprefix=skii%2Caps%2C408&sr=8-10,2022-10-12
SK-II R.N.A Power Radical New Age Eye Cream 0.5oz,"
                    £99.98
                   ","
                      4.0 out of 5 stars
                     ","
                    121
                   ",https://www.amazon.com/SK-II-Power-Radical-Cream-0-5oz/dp/B0716JS4KX/ref=sr_1_11?crid=2CAHDTR5AV0UH&keywords=skII&qid=1665564619&qu=eyJxc2MiOiIzLjYxIiwicXNhIjoiMi45NiIsInFzcCI6IjIuODAifQ%3D%3D&sprefix=skii%2Caps%2C408&sr=8-11,2022-10-12
DREAM PAIRS Womens Outdoor Snow Boots Ladies Winter Boot Waterproof Lightweight Warm Fashion Shoes,"
                    £34.99
                   ","
                      5.0 out of 5 stars
                     ","
                    1
                   ",https://www.amazon.com/DREAM-PAIRS-Waterproof-Lightweight-SDSB2213W/dp/B09ZLGYNR7/ref=sr_1_12?crid=2CAHDTR5AV0UH&keywords=skII&qid=1665564619&qu=eyJxc2MiOiIzLjYxIiwicXNhIjoiMi45NiIsInFzcCI6IjIuODAifQ%3D%3D&sprefix=skii%2Caps%2C408&sr=8-12,2022-10-12
"Morrisons Chocolate Mousse 6 Pots, 360 g","
                    £1.25
                   ","
                      4.4 out of 5 stars
                     ","
                    702
                   ",https://www.amazon.com/Morrisons-Chocolate-Mousse-60g-pots/dp/B01AWH2NJ6/ref=sr_1_13_f3_0o_morri?crid=2CAHDTR5AV0UH&keywords=skII&qid=1665564619&qu=eyJxc2MiOiIzLjYxIiwicXNhIjoiMi45NiIsInFzcCI6IjIuODAifQ%3D%3D&sprefix=skii%2Caps%2C408&sr=8-13,2022-10-12
"Paula's Choice Skin Perfecting 2% BHA Liquid Exfoliant - Face Exfoliating Peel Fights Blackheads, Breakouts & Enlarged Pores - with Salicylic Acid - Combination, Oily & Acne Prone Skin - 118 ml","
                    £33.00
                   ","
                      4.5 out of 5 stars
                     ","
                    13,124
                   ",https://www.amazon.com/Paulas-Choice-Perfecting-Liquid-Exfoliant/dp/B07PCSNFLP/ref=sr_1_14?crid=2CAHDTR5AV0UH&keywords=skII&qid=1665564619&qu=eyJxc2MiOiIzLjYxIiwicXNhIjoiMi45NiIsInFzcCI6IjIuODAifQ%3D%3D&sprefix=skii%2Caps%2C408&sr=8-14,2022-10-12
MEDIHEAL Official [Korea's No 1 Sheet Mask] - Collagen Essential Lifting & Firming Mask (5 Masks),"
                    £11.05
                   ","
                      4.6 out of 5 stars
                     ","
                    1,392
                   ",https://www.amazon.com/MEDIHEAL-Official-Koreas-Sheet-Mask/dp/B07T32XPCW/ref=sr_1_15?crid=2CAHDTR5AV0UH&keywords=skII&qid=1665564619&qu=eyJxc2MiOiIzLjYxIiwicXNhIjoiMi45NiIsInFzcCI6IjIuODAifQ%3D%3D&sprefix=skii%2Caps%2C408&sr=8-15,2022-10-12
"OutdoorMaster Ski Goggles PRO - Frameless, Interchangeable Lens 100% UV400 Protection Snow Goggles for Men & Women","
                    £37.99
                   ","
                      4.6 out of 5 stars
                     ","
                    7,834
                   ",https://www.amazon.com/OutdoorMaster-Ski-Goggles-PRO-Interchangeable/dp/B014XKTFI0/ref=sr_1_16?crid=2CAHDTR5AV0UH&keywords=skII&qid=1665564619&qu=eyJxc2MiOiIzLjYxIiwicXNhIjoiMi45NiIsInFzcCI6IjIuODAifQ%3D%3D&sprefix=skii%2Caps%2C408&sr=8-16,2022-10-12
Retinol Moisturizer for Face (120ml) – Anti Ageing Face Cream Reduces Scars Ance and Wrinkles with Hyaluronic Acid and Vitamin E,"
                    £18.88
                   ","
                      4.2 out of 5 stars
                     ","
                    7,345
                   ",https://www.amazon.com/2-5-Retinol-Moisturizer-Face-120ml/dp/B017XZVYMC/ref=sr_1_17?crid=2CAHDTR5AV0UH&keywords=skII&qid=1665564619&qu=eyJxc2MiOiIzLjYxIiwicXNhIjoiMi45NiIsInFzcCI6IjIuODAifQ%3D%3D&sprefix=skii%2Caps%2C408&sr=8-17,2022-10-12
Skinfood Facial Mask Rice Wash Off - 3.52 Oz,"
                    £13.00
                   ","
                      4.4 out of 5 stars
                     ","
                    127
                   ",https://www.amazon.com/Skin-food-Rice-Mask-Ounce/dp/B004FKNYWW/ref=sr_1_18?crid=2CAHDTR5AV0UH&keywords=skII&qid=1665564619&qu=eyJxc2MiOiIzLjYxIiwicXNhIjoiMi45NiIsInFzcCI6IjIuODAifQ%3D%3D&sprefix=skii%2Caps%2C408&sr=8-18,2022-10-12
Balaclava Ski Mask for Men Women Face Mask for Cold Weather Winter Windproof Outdoors in Winter Neck Warmer Multifunctional Sports Cold Weather Gear,"
                    £12.88
                   ","
                      4.1 out of 5 stars
                     ","
                    1,748
                   ",https://www.amazon.com/Balaclava-Windproof-Motorcycle-Multifunctional-Snowboard/dp/B0756RNPR8/ref=sr_1_19?crid=2CAHDTR5AV0UH&keywords=skII&qid=1665564619&qu=eyJxc2MiOiIzLjYxIiwicXNhIjoiMi45NiIsInFzcCI6IjIuODAifQ%3D%3D&sprefix=skii%2Caps%2C408&sr=8-19,2022-10-12
"SLOPE WARRIOR Cosmic Rider Merino Wool Alpine Performance Socks, for Men, Women, Shin Padding, Fast Drying, Warm, Knee High Thermal Socks for Ski, Snowboarding and Mountaineering","
                    £18.60
                   ","
                      4.1 out of 5 stars
                     ","
                    4
                   ",https://www.amazon.com/SLOPE-WARRIOR-Cosmic-Rider-High-Performance/dp/B07SX7RL28/ref=sr_1_20?crid=2CAHDTR5AV0UH&keywords=skII&qid=1665564619&qu=eyJxc2MiOiIzLjYxIiwicXNhIjoiMi45NiIsInFzcCI6IjIuODAifQ%3D%3D&sprefix=skii%2Caps%2C408&sr=8-20,2022-10-12
NORTIV 8 Men's 170410 Insulated Waterproof Construction Hiking Winter Snow Boots,"
                    £46.99
                   ","
                      4.4 out of 5 stars
                     ","
                    4,198
                   ",https://www.amazon.com/NORTIV-170410-Waterproof-Winter-Boots/dp/B07FS7B753/ref=sr_1_21?crid=2CAHDTR5AV0UH&keywords=skII&qid=1665564619&qu=eyJxc2MiOiIzLjYxIiwicXNhIjoiMi45NiIsInFzcCI6IjIuODAifQ%3D%3D&sprefix=skii%2Caps%2C408&sr=8-21,2022-10-12
"Snowledge Ski Snowboard Goggles with UV400 Protection, Skiing Snowboarding Goggles of Dual Lens with Anti Fog for Men, Women,Helmet Compatible","
                    £27.99
                   ","
                      4.5 out of 5 stars
                     ","
                    782
                   ",https://www.amazon.com/Snowledge-Snowboard-Goggles-Protection-Compatible/dp/B07GQN2PJ4/ref=sr_1_22?crid=2CAHDTR5AV0UH&keywords=skII&qid=1665564619&qu=eyJxc2MiOiIzLjYxIiwicXNhIjoiMi45NiIsInFzcCI6IjIuODAifQ%3D%3D&sprefix=skii%2Caps%2C408&sr=8-22,2022-10-12
"Merino Wool Ski Socks, Cold Weather Knee-High Thermal Socks for Winter, Snow, Snowboarding, Hiking","
                    £22.31
                   ","
                      4.7 out of 5 stars
                     ","
                    122
                   ",https://www.amazon.com/Merino-Weather-Knee-High-Thermal-Snowboarding/dp/B09M3HCSGS/ref=sr_1_23?crid=2CAHDTR5AV0UH&keywords=skII&qid=1665564619&qu=eyJxc2MiOiIzLjYxIiwicXNhIjoiMi45NiIsInFzcCI6IjIuODAifQ%3D%3D&sprefix=skii%2Caps%2C408&sr=8-23,2022-10-12
OutdoorMaster Ski Goggles PRO Replacement Lens,"
                    £27.99
                   ","
                      4.6 out of 5 stars
                     ","
                    2,372
                   ",https://www.amazon.com/OutdoorMaster-Ski-Goggles-Replacement-Lens/dp/B074JY1NHC/ref=sr_1_24?crid=2CAHDTR5AV0UH&keywords=skII&qid=1665564619&qu=eyJxc2MiOiIzLjYxIiwicXNhIjoiMi45NiIsInFzcCI6IjIuODAifQ%3D%3D&sprefix=skii%2Caps%2C408&sr=8-24,2022-10-12
"Merino Wool Socks High Performance Compression Ski Socks Mens and Women Thermal Knee High Socks, 2 Pairs","
                    £25.99
                   ","
                      4.4 out of 5 stars
                     ","
                    39
                   ",https://www.amazon.com/Merino-Performance-Compression-Socks-Thermal/dp/B09MD5RHY3/ref=sr_1_25?crid=2CAHDTR5AV0UH&keywords=skII&qid=1665564619&qu=eyJxc2MiOiIzLjYxIiwicXNhIjoiMi45NiIsInFzcCI6IjIuODAifQ%3D%3D&sprefix=skii%2Caps%2C408&sr=8-25,2022-10-12
DREAM PAIRS Women’s Waterproof Wellington Duck Rain Boots Outdoor Ankle Low Heel Snow Boots Ladies Originals Lace-up Winter Boots,"
                    £29.99
                   ","
                      5.0 out of 5 stars
                     ","
                    1
                   ",https://www.amazon.com/DREAM-PAIRS-Originals-Waterproof-SDSB2211W-1/dp/B09ZLGFH4D/ref=sr_1_26?crid=2CAHDTR5AV0UH&keywords=skII&qid=1665564619&qu=eyJxc2MiOiIzLjYxIiwicXNhIjoiMi45NiIsInFzcCI6IjIuODAifQ%3D%3D&sprefix=skii%2Caps%2C408&sr=8-26,2022-10-12
"RAYZOR Ski Goggles Snowboard Goggles For Men & Women – OTG Ski Mask with UV400 Protection – Anti-Fog and Shatterproof Skiing Goggles, Anti-Glare Protective Goggles for Men Women Boys & Girls","
                    £21.95
                   ","
                      4.5 out of 5 stars
                     ","
                    869
                   ",https://www.amazon.com/Rayzor-Protection-Comfortable-Shatterproof-Snowmobiles/dp/B002MQ6LTY/ref=sr_1_27?crid=2CAHDTR5AV0UH&keywords=skII&qid=1665564619&qu=eyJxc2MiOiIzLjYxIiwicXNhIjoiMi45NiIsInFzcCI6IjIuODAifQ%3D%3D&sprefix=skii%2Caps%2C408&sr=8-27,2022-10-12
5 Pairs Mens High Performance Thermal Ski Socks - Multicoloured - Mens UK Size 6-11 (EU 39-45),"
                    £11.95
                   ","
                      4.3 out of 5 stars
                     ","
                    363
                   ",https://www.amazon.com/SX167-6-11-Mens-Socks-Pack-6-11/dp/B08M3QKF95/ref=sr_1_28?crid=2CAHDTR5AV0UH&keywords=skII&qid=1665564619&qu=eyJxc2MiOiIzLjYxIiwicXNhIjoiMi45NiIsInFzcCI6IjIuODAifQ%3D%3D&sprefix=skii%2Caps%2C408&sr=8-28,2022-10-12
"SPOSUNE OTG Ski Goggles - Over Glasses Snow Snowboard Goggle with Anti fog Dual lens for Men Women Youth Kids Skiing Skating Snowmobile, Windproof UV400 Protection Winter Sports Protective Glasses","
                    £25.99
                   ","
                      4.6 out of 5 stars
                     ","
                    705
                   ",https://www.amazon.com/SPOSUNE-Protection-Spherical-Snowboard-Compatible/dp/B07WP2LSLR/ref=sr_1_29?crid=2CAHDTR5AV0UH&keywords=skII&qid=1665564619&qu=eyJxc2MiOiIzLjYxIiwicXNhIjoiMi45NiIsInFzcCI6IjIuODAifQ%3D%3D&sprefix=skii%2Caps%2C408&sr=8-29,2022-10-12
SAITAG Balaclava Ski Mask Warm Face Mask for Cold Weather Winter Skiing Snowboarding Motorcycling Ice Fishing Men,"
                    £17.59
                   ","
                      4.6 out of 5 stars
                     ","
                    364
                   ",https://www.amazon.com/SAITAG-Balaclava-Weather-Snowboarding-Motorcycling/dp/B09D2VX1F6/ref=sr_1_30?crid=2CAHDTR5AV0UH&keywords=skII&qid=1665564619&qu=eyJxc2MiOiIzLjYxIiwicXNhIjoiMi45NiIsInFzcCI6IjIuODAifQ%3D%3D&sprefix=skii%2Caps%2C408&sr=8-30,2022-10-12
"2 Pairs Men's Wool Socks, 80% Merino, Hiking Walking Thermal Athletic Socks for Winter Outdoor Recreation Trekking Climbing(UK M-L)","
                    £11.99
                   ","
                      4.4 out of 5 stars
                     ","
                    513
                   ",https://www.amazon.com/Walking-Athletic-Recreation-Trekking-Climbing/dp/B07XGK6VDJ/ref=sr_1_31?crid=2CAHDTR5AV0UH&keywords=skII&qid=1665564619&qu=eyJxc2MiOiIzLjYxIiwicXNhIjoiMi45NiIsInFzcCI6IjIuODAifQ%3D%3D&sprefix=skii%2Caps%2C408&sr=8-31,2022-10-12
"Mountain Warehouse Kids Ski Jacket & Trousers Set - Snowproof Ski Outfit, Front Pockets, Fleece Lined Skiwear, Integrated Snowskirt - Best for Winter Snowboarding","
                    £59.99
                   ","
                      4.6 out of 5 stars
                     ","
                    1,423
                   ",https://www.amazon.com/Mountain-Warehouse-Kids-Jacket-Trousers/dp/B08SKQJ5R6/ref=sr_1_32?crid=2CAHDTR5AV0UH&keywords=skII&qid=1665564619&qu=eyJxc2MiOiIzLjYxIiwicXNhIjoiMi45NiIsInFzcCI6IjIuODAifQ%3D%3D&sprefix=skii%2Caps%2C408&sr=8-32,2022-10-12
"DANISH ENDURANCE Merino Wool Performance Ski Socks, Shin Padding, for Men, Women, Kids, 1 Pack","
                      £26.95
                     ","
                        4.4 out of 5 stars
                       ","
                      3,455
                     ",https://www.amazon.com/sspa/click?ie=UTF8&spc=MTo3ODAxMjgwNjY5Njk1NjU4OjE2NjU1NjQ2MTk6c3BfbXRmOjIwMDcwNDgxMjAzMTA4OjowOjo&sp_csd=d2lkZ2V0TmFtZT1zcF9tdGY&url=%2FDANISH-ENDURANCE-Alpine-Performance-Yellow%2Fdp%2FB07G4BYKTC%2Fref%3Dsr_1_33_sspa%3Fcrid%3D2CAHDTR5AV0UH%26keywords%3DskII%26qid%3D1665564619%26qu%3DeyJxc2MiOiIzLjYxIiwicXNhIjoiMi45NiIsInFzcCI6IjIuODAifQ%253D%253D%26sprefix%3Dskii%252Caps%252C408%26sr%3D8-33-spons%26psc%3D1,2022-10-12
AKSIUM ACCESS,"
                      £38.96
                     ","
                        4.5 out of 5 stars
                       ","
                      656
                     ",https://www.amazon.com/sspa/click?ie=UTF8&spc=MTo3ODAxMjgwNjY5Njk1NjU4OjE2NjU1NjQ2MTk6c3BfbXRmOjIwMDgxNTY2OTkzNTk4OjowOjo&sp_csd=d2lkZ2V0TmFtZT1zcF9tdGY&url=%2FSalomon-Aksium-Goggles-Universal-L40846100%2Fdp%2FB07WKN59J7%2Fref%3Dsr_1_34_sspa%3Fcrid%3D2CAHDTR5AV0UH%26keywords%3DskII%26qid%3D1665564619%26qu%3DeyJxc2MiOiIzLjYxIiwicXNhIjoiMi45NiIsInFzcCI6IjIuODAifQ%253D%253D%26sprefix%3Dskii%252Caps%252C408%26sr%3D8-34-spons%26psc%3D1,2022-10-12
"JVR Blackhead Remover Mask for Men, Bamboo Charcoal Peel Off Black Mask, Purifying & Deep Cleansing for All Skin Types 120g","
                      £9.99
                     ","
                        4.0 out of 5 stars
                       ","
                      504
                     ",https://www.amazon.com/sspa/click?ie=UTF8&spc=MTo3ODAxMjgwNjY5Njk1NjU4OjE2NjU1NjQ2MTk6c3BfbXRmOjIwMDc2NTczMzAyMzk4OjowOjo&sp_csd=d2lkZ2V0TmFtZT1zcF9tdGY&url=%2FJVR-Blackhead-Charcoal-Purifying-Cleansing%2Fdp%2FB087JBPNT5%2Fref%3Dsr_1_35_sspa%3Fcrid%3D2CAHDTR5AV0UH%26keywords%3DskII%26qid%3D1665564619%26qu%3DeyJxc2MiOiIzLjYxIiwicXNhIjoiMi45NiIsInFzcCI6IjIuODAifQ%253D%253D%26sprefix%3Dskii%252Caps%252C408%26sr%3D8-35-spons%26psc%3D1,2022-10-12
REN Clean Skincare Supersize Overnight Recovery Balm 50ml,"
                      £49.00
                     ",,"
                     (£98.00/100 ml)
                    ",https://www.amazon.com/sspa/click?ie=UTF8&spc=MTo3ODAxMjgwNjY5Njk1NjU4OjE2NjU1NjQ2MTk6c3BfbXRmOjIwMDY4Mjg2NjY1ODk4OjowOjo&sp_csd=d2lkZ2V0TmFtZT1zcF9tdGY&url=%2FREN-Clean-Skincare-Supersize-Overnight%2Fdp%2FB09NQFPQ4N%2Fref%3Dsr_1_36_sspa%3Fcrid%3D2CAHDTR5AV0UH%26keywords%3DskII%26qid%3D1665564619%26qu%3DeyJxc2MiOiIzLjYxIiwicXNhIjoiMi45NiIsInFzcCI6IjIuODAifQ%253D%253D%26smid%3DA3P5ROKL5A1OLE%26sprefix%3Dskii%252Caps%252C408%26sr%3D8-36-spons%26psc%3D1,2022-10-12
Blulu Ski Mask Winter Balaclava Ski Mask Warm Full Face Ski Mask Thermal Men Ski Mask 3 Hole Knit Face Mask for Outdoor Sports,"
                    £7.59
                   ","
                      3.9 out of 5 stars
                     ","
                    92
                   ",https://www.amazon.com/Winter-Balaclava-Thermal-3-Hole-Outdoor/dp/B09J16SXYJ/ref=sr_1_37?crid=2CAHDTR5AV0UH&keywords=skII&qid=1665564619&qu=eyJxc2MiOiIzLjYxIiwicXNhIjoiMi45NiIsInFzcCI6IjIuODAifQ%3D%3D&sprefix=skii%2Caps%2C408&sr=8-37,2022-10-12
"coskefy Thermal Gloves, -20℉ Coldproof Touchscreen Ski Gloves Waterproof Winter Gloves 3M Thinsulate Snow Gloves for Walking Snowboarding Hiking Outdoor","
                    £11.04
                   ","
                      4.5 out of 5 stars
                     ","
                    1,967
                   ",https://www.amazon.com/coskefy-Thermal-Thinsulate-Touchscreen-Snowboarding/dp/B07HGQMK4H/ref=sr_1_38?crid=2CAHDTR5AV0UH&keywords=skII&qid=1665564619&qu=eyJxc2MiOiIzLjYxIiwicXNhIjoiMi45NiIsInFzcCI6IjIuODAifQ%3D%3D&smid=A3PNIR7C4EEUQS&sprefix=skii%2Caps%2C408&sr=8-38,2022-10-12
BODY ARMOUR CE MOTORBIKE/MOTORCYCLE/MOTOCROSS SKIING SKATING SNOW BOARD IMPACT PADDED SPINE GUARD PROTECTIVE SUIT (M),"
                    £49.99
                   ","
                      3.5 out of 5 stars
                     ","
                    8
                   ",https://www.amazon.com/ARMOUR-MOTORBIKE-MOTORCYCLE-MOTOCROSS-PROTECTIVE/dp/B07DCFMPB3/ref=sr_1_39?crid=2CAHDTR5AV0UH&keywords=skII&qid=1665564619&qu=eyJxc2MiOiIzLjYxIiwicXNhIjoiMi45NiIsInFzcCI6IjIuODAifQ%3D%3D&sprefix=skii%2Caps%2C408&sr=8-39,2022-10-12
4 Pairs of Mens High Performance Thermal Ski Socks-Assorted-UK 6 - 11 ( Eur 39 - 45 ),"
                    £12.95
                   ","
                      4.5 out of 5 stars
                     ","
                    4,028
                   ",https://www.amazon.com/Pairs-Mens-Performance-Thermal-Socks-Assorted-UK/dp/B01N59WFGI/ref=sr_1_40?crid=2CAHDTR5AV0UH&keywords=skII&qid=1665564619&qu=eyJxc2MiOiIzLjYxIiwicXNhIjoiMi45NiIsInFzcCI6IjIuODAifQ%3D%3D&sprefix=skii%2Caps%2C408&sr=8-40,2022-10-12
Sakkas Booker Cashmere Feel Solid Colored Unisex Winter Scarf With Fringe,"
                    £12.99
                   ","
                      4.4 out of 5 stars
                     ","
                    443
                   ",https://www.amazon.com/Sakkas-1590-Booker-Cashmere-Colored/dp/B07CP2KVM9/ref=sr_1_42?crid=2CAHDTR5AV0UH&keywords=skII&qid=1665564619&qu=eyJxc2MiOiIzLjYxIiwicXNhIjoiMi45NiIsInFzcCI6IjIuODAifQ%3D%3D&sprefix=skii%2Caps%2C408&sr=8-42,2022-10-12
"L'Oréal Paris Perfect Golden Age Re-Activating Essence, 125ml","
                    £16.99
                   ","
                      4.5 out of 5 stars
                     ","
                    631
                   ",https://www.amazon.com/LOr%C3%A9al-Perfect-Golden-Re-Activating-Essence/dp/B01AIPJ4A8/ref=sr_1_43?crid=2CAHDTR5AV0UH&keywords=skII&qid=1665564619&qu=eyJxc2MiOiIzLjYxIiwicXNhIjoiMi45NiIsInFzcCI6IjIuODAifQ%3D%3D&sprefix=skii%2Caps%2C408&sr=8-43,2022-10-12
donhobo Men's Fleece Jacket Winter Waterproof Warm Ski Jackets Windproof Coat With Zip Pockets Hood,"
                    £51.98
                   ","
                      4.4 out of 5 stars
                     ","
                    2,559
                   ",https://www.amazon.com/donhobo-Waterproof-Jackets-Windproof-Pockets/dp/B0787PLRXM/ref=sr_1_44?crid=2CAHDTR5AV0UH&keywords=skII&qid=1665564619&qu=eyJxc2MiOiIzLjYxIiwicXNhIjoiMi45NiIsInFzcCI6IjIuODAifQ%3D%3D&sprefix=skii%2Caps%2C408&sr=8-44,2022-10-12
Sock Stack 4 Pairs Of Mens Performance Ski Sock Long Thermal Heat Pro Winter Cushioned Arch Support Snowboard Socks With Full Terry Socks UK Size 6-11,"
                    £9.95
                   ","
                      4.2 out of 5 stars
                     ","
                    223
                   ",https://www.amazon.com/Sock-Stack-Performance-Cushioned-Snowboard/dp/B07YRXCDVJ/ref=sr_1_45?crid=2CAHDTR5AV0UH&keywords=skII&qid=1665564619&qu=eyJxc2MiOiIzLjYxIiwicXNhIjoiMi45NiIsInFzcCI6IjIuODAifQ%3D%3D&sprefix=skii%2Caps%2C408&sr=8-45,2022-10-12
DREAM PAIRS Boys Girls Faux Fur Lined Winter Snow Boots (Toddler/Little Kid/Big Kid) Shorty-K,"
                    £29.99
                   ","
                      4.6 out of 5 stars
                     ","
                    6,149
                   ",https://www.amazon.com/Dream-Shorty-K-Chesnut-Sheepskin-Winter/dp/B07MZSY43Q/ref=sr_1_46?crid=2CAHDTR5AV0UH&keywords=skII&qid=1665564619&qu=eyJxc2MiOiIzLjYxIiwicXNhIjoiMi45NiIsInFzcCI6IjIuODAifQ%3D%3D&sprefix=skii%2Caps%2C408&sr=8-46,2022-10-12
"SECRET KEY Starting Treatment Essence Rose Edition 5.07 fl.oz. (150ml) - 94% Galactonyces Fermented Filtrate & Rose Flower Water, Anti-Wrikle & Moisturizing First Step Skin Care Essence, Paraben Free","
                    £23.95
                   ","
                      4.6 out of 5 stars
                     ","
                    206
                   ",https://www.amazon.com/Secret-Key-Starting-Treatment-Essence_Rose/dp/B01HCH690S/ref=sr_1_47?crid=2CAHDTR5AV0UH&keywords=skII&qid=1665564619&qu=eyJxc2MiOiIzLjYxIiwicXNhIjoiMi45NiIsInFzcCI6IjIuODAifQ%3D%3D&sprefix=skii%2Caps%2C408&sr=8-47,2022-10-12
4 Pairs High Performance Ladies Ski Socks Long Hose Thermal Socks-Assorted-UK 4 - 7,"
                    £12.95
                   ","
                      4.5 out of 5 stars
                     ","
                    2,891
                   ",https://www.amazon.com/Pairs-Performance-Ladies-Thermal-Socks-Assorted-UK/dp/B01N5MCB4M/ref=sr_1_48?crid=2CAHDTR5AV0UH&keywords=skII&qid=1665564619&qu=eyJxc2MiOiIzLjYxIiwicXNhIjoiMi45NiIsInFzcCI6IjIuODAifQ%3D%3D&sprefix=skii%2Caps%2C408&sr=8-48,2022-10-12
"Odoland OTG Ski Goggles Set with Detachable Lens, Frameless Interchangeable Magnetic Lens for Skiing Skating Snowboard, Anti-Fog and UV400 Protection Snow Goggles for Men and Women","
                    £39.99
                   ","
                      4.6 out of 5 stars
                     ","
                    492
                   ",https://www.amazon.com/Odoland-Detachable-Interchangeable-Snowmobiles-Protection/dp/B08CGZMM1C/ref=sr_1_50?crid=2CAHDTR5AV0UH&keywords=skII&qid=1665564619&qu=eyJxc2MiOiIzLjYxIiwicXNhIjoiMi45NiIsInFzcCI6IjIuODAifQ%3D%3D&sprefix=skii%2Caps%2C408&sr=8-50,2022-10-12
"Winter Neck Warmer Neck Gaiter Ski Snood for Men with Thermal Fleece Waterproof Fabric, Face Covering Multifunction Headwear Elastic Tube Face Scarf Face Shield for Sports Cycling Skiing, Running","
                    £8.99
                   ","
                      4.4 out of 5 stars
                     ","
                    607
                   ",https://www.amazon.com/Thermal-Waterproof-Covering-Multifunction-Headwear/dp/B08P3JBG38/ref=sr_1_51?crid=2CAHDTR5AV0UH&keywords=skII&qid=1665564619&qu=eyJxc2MiOiIzLjYxIiwicXNhIjoiMi45NiIsInFzcCI6IjIuODAifQ%3D%3D&sprefix=skii%2Caps%2C408&sr=8-51,2022-10-12
"DANISH ENDURANCE Merino Wool Performance Ski Socks, Shin Padding, for Men, Women, Kids, 1 Pack","
                    £26.95
                   ","
                      4.4 out of 5 stars
                     ","
                    3,455
                   ",https://www.amazon.com/DANISH-ENDURANCE-Alpine-Performance-Socks/dp/B07HKB1RS2/ref=sr_1_52?crid=2CAHDTR5AV0UH&keywords=skII&qid=1665564619&qu=eyJxc2MiOiIzLjYxIiwicXNhIjoiMi45NiIsInFzcCI6IjIuODAifQ%3D%3D&sprefix=skii%2Caps%2C408&sr=8-52,2022-10-12
"findway Ski Goggles, Skiing Goggles For Snowboard Jet Snow, For Women Men Ladies Youth Teen OTG Over Helmet Compatible, Anti-fog 100% UV Protection, Anti-glare Ski Goggles, For Skiing Snowboarding","
                    £19.99
                   ","
                      4.5 out of 5 stars
                     ","
                    1,258
                   ",https://www.amazon.com/findway-Compatible-Protection-Anti-glare-Snowboarding/dp/B07MVWWZ3X/ref=sr_1_53?crid=2CAHDTR5AV0UH&keywords=skII&qid=1665564619&qu=eyJxc2MiOiIzLjYxIiwicXNhIjoiMi45NiIsInFzcCI6IjIuODAifQ%3D%3D&sprefix=skii%2Caps%2C408&sr=8-53,2022-10-12
"DANISH ENDURANCE Merino Wool Performance Ski Socks, Shin Padding, for Men, Women, Kids, 2 Pack","
                    £37.95
                   ","
                      4.5 out of 5 stars
                     ","
                    827
                   ",https://www.amazon.com/Alpine-Performance-Socks-packs-Multicolour/dp/B07XYZXYCS/ref=sr_1_54?crid=2CAHDTR5AV0UH&keywords=skII&qid=1665564619&qu=eyJxc2MiOiIzLjYxIiwicXNhIjoiMi45NiIsInFzcCI6IjIuODAifQ%3D%3D&sprefix=skii%2Caps%2C408&sr=8-54,2022-10-12
YEKEYI Women Balaclava Hood hat Winter Cashmere Knitted Beanie Hats Ski Mask Ski Cap Outdoor,"
                    £19.99
                   ","
                      3.9 out of 5 stars
                     ","
                    23
                   ",https://www.amazon.com/YEKEYI-Balaclava-Cashmere-Knitted-Outdoor/dp/B08MT6ZZ4F/ref=sr_1_55?crid=2CAHDTR5AV0UH&keywords=skII&qid=1665564619&qu=eyJxc2MiOiIzLjYxIiwicXNhIjoiMi45NiIsInFzcCI6IjIuODAifQ%3D%3D&sprefix=skii%2Caps%2C408&sr=8-55,2022-10-12
GG ST Balaclava Windproof Ski Mask Winter Thermal Fleece Hood Heavyweight Neck Warmer Snood Outdoor Sports Face Covers Hat For Men & Women,"
                    £13.99
                   ","
                      4.3 out of 5 stars
                     ","
                    2,607
                   ",https://www.amazon.com/GG-ST-Balaclava-Windproof-Heavyweight/dp/B07GNTHWN6/ref=sr_1_56?crid=2CAHDTR5AV0UH&keywords=skII&qid=1665564619&qu=eyJxc2MiOiIzLjYxIiwicXNhIjoiMi45NiIsInFzcCI6IjIuODAifQ%3D%3D&sprefix=skii%2Caps%2C408&sr=8-56,2022-10-12
donhobo Men's Fleece Jacket Winter Waterproof Warm Ski Jackets Windproof Coat With Zip Pockets Hood,"
                      £51.98
                     ","
                        4.4 out of 5 stars
                       ","
                      2,559
                     ",https://www.amazon.com/sspa/click?ie=UTF8&spc=MTo3ODAxMjgwNjY5Njk1NjU4OjE2NjU1NjQ2MTk6c3BfYnRmOjIwMDQzMDM2MDk2MjA2OjowOjo&sp_csd=d2lkZ2V0TmFtZT1zcF9idGY&url=%2Fdonhobo-Waterproof-Jackets-Windproof-Pockets%2Fdp%2FB0787PLRXM%2Fref%3Dsr_1_57_sspa%3Fcrid%3D2CAHDTR5AV0UH%26keywords%3DskII%26qid%3D1665564619%26qu%3DeyJxc2MiOiIzLjYxIiwicXNhIjoiMi45NiIsInFzcCI6IjIuODAifQ%253D%253D%26sprefix%3Dskii%252Caps%252C408%26sr%3D8-57-spons%26psc%3D1,2022-10-12
"NIVEA Cellular LUMINOUS 630 Anti-Dark Spot Advanced Treatment Serum (30ml), Face Serum for Women, Facial Serum For Luminous Skin","
                      £10.00
                     ","
                        4.3 out of 5 stars
                       ","
                      520
                     ",https://www.amazon.com/sspa/click?ie=UTF8&spc=MTo3ODAxMjgwNjY5Njk1NjU4OjE2NjU1NjQ2MTk6c3BfYnRmOjIwMDI3OTMzOTI2ODk4OjowOjo&sp_csd=d2lkZ2V0TmFtZT1zcF9idGY&url=%2FNIVEA-Cellular-LUMINOUS-Anti-Dark-Treatment%2Fdp%2FB096R4DM7Y%2Fref%3Dsr_1_58_sspa%3Fcrid%3D2CAHDTR5AV0UH%26keywords%3DskII%26qid%3D1665564619%26qu%3DeyJxc2MiOiIzLjYxIiwicXNhIjoiMi45NiIsInFzcCI6IjIuODAifQ%253D%253D%26smid%3DA3P5ROKL5A1OLE%26sprefix%3Dskii%252Caps%252C408%26sr%3D8-58-spons%26psc%3D1,2022-10-12
